<!DOCTYPE html>
<!-- saved from url=(0109)https://mfront.homeplus.co.kr/search/tdSearchFinder?displayType=typeA&entry=direct&keyword=%EA%B0%90%EC%9E%90 -->
<html lang="ko"><head><meta http-equiv="Content-Type" content="text/html; charset=UTF-8"><script src="../../../../../Downloads/homeplus_files/trk"></script><script type="text/javascript" async="" src="../../../../../Downloads/homeplus_files/js"></script><script type="text/javascript" async="" src="../../../../../Downloads/homeplus_files/js(1)"></script><script src="../../../../../Downloads/homeplus_files/trk(1)"></script><script src="../../../../../Downloads/homeplus_files/trk(2)"></script><script src="../../../../../Downloads/homeplus_files/ckie"></script><script async="" src="../../../../../Downloads/homeplus_files/fbevents.js"></script><script async="" src="../../../../../Downloads/homeplus_files/gtm.js"></script><script>
      (function(w,d,s,l,i){w[l]=w[l]||[];
        w[l].push({'gtm.start': new Date().getTime(),event:'gtm.js', });
        var f=d.getElementsByTagName(s)[0],j=d.createElement(s),dl=l!='dataLayer'?'&l='+l:'';
        j.async=true;j.src='https://www.googletagmanager.com/gtm.js?id='+i+dl+'&gtm_auth=&gtm_preview=&gtm_cookies_win=x';
        f.parentNode.insertBefore(j,f);
      })(window,document,'script','dataLayer','GTM-TW8FHV7');</script><meta http-equiv="Cache-Control" content="no-cache, no-store, must-revalidate"><meta name="viewport" content="width=device-width,initial-scale=1,user-scalable=no"><link rel="preconnect" href="https://image.homeplus.kr/">
    <link rel="canonical" href="https://mfront.homeplus.co.kr/search/tdSearchFinder?keyword=%EA%B0%90%EC%9E%90">
    <meta name="description" property="og:description" content="감자추천 상품을 만나보세요! 원하는 시간 당일배송, 첫구매 혜택부터 각종 가격 할인혜택까지">
    <meta name="keywords" content="감자, 감자배송, 감자배달, 감자할인">
    <meta property="og:site_name" content="홈플러스" data-react-helmet="true">
    
    <meta property="og:type" content="website" data-react-helmet="true">
    <meta property="og:image" content="https://mfront.homeplus.co.kr/static/images/og/default.png">
    <title>마트직송 검색 | 홈플러스</title>
<meta name="facebook-domain-verification" content="1cr6nvbiltg2ivfg9mo0dkvlxuhlke"><meta name="naver-site-verification" content="66f9e26e4e2cdb97dcbbabea51c7b11de262dfff"><meta name="google-site-verification" content="sRT5frC4joD6EuUC80y9S2it8zwy4u9cG9_zrlU6QNU"><meta name="theme-color" content="#fff"><link rel="dns-prefetch" href="https://gum.criteo.com/"><link rel="dns-prefetch" href="https://static.criteo.net/"><link rel="dns-prefetch" href="https://www.google.co.kr/"><link rel="dns-prefetch" href="https://www.google-analytics.com/"><link rel="dns-prefetch" href="https://www.googletagmanager.com/"><link rel="dns-prefetch" href="https://td.doubleclick.net/"><link rel="dns-prefetch" href="https://stats.g.doubleclick.net/"><link rel="dns-prefetch" href="https://www.facebook.com/"><link rel="dns-prefetch" href="https://connect.facebook.net/"><link rel="dns-prefetch" href="https://t1.kakaocdn.net/"><link rel="dns-prefetch" href="https://teralog.techhub.co.kr/"><link rel="dns-prefetch" href="https://wcs.naver.net/"><link rel="dns-prefetch" href="https://sas.nsm-corp.com/"><link rel="dns-prefetch" href="https://wcs.naver.com/"><link rel="dns-prefetch" href="https://sync.admixer.co.kr/"><link rel="dns-prefetch" href="https://sdk.iad-05.braze.com/"><link rel="dns-prefetch" href="https://sdk.airbridge.io/"><link rel="icon" href="https://mfront.homeplus.co.kr/static/images/icons/icon.svg" type="image/svg+xml"><link rel="apple-touch-icon" href="https://mfront.homeplus.co.kr/static/images/favicons/icon_180x180.png"><link rel="manifest" href="https://mfront.homeplus.co.kr/static/manifest.json" type="application/manifest+json"><link rel="preconnect" href="https://dev.visualwebsiteoptimizer.com/"><style>.samsungcard-header-wrapper{z-index:1000;position:relative;width:100%;min-width:1280px;border-bottom:1px solid #d0d0d0;background:#fff;color:#101010;font-family:'맑은 고딕','Malgun Gothic','Apple SD Gothic Neo','돋움',Dotum,Arial,Sans-serif;font-size:13px;line-height:1.62;font-style:normal}.samsungcard-header-wrapper .header-box{position:relative;width:1280px;height:72px;margin:0 auto}.samsungcard-header-wrapper .header-box .logo{width:100%;height:100%;background:url(http://static12.samsungcard.com/images/mallinmall/cml/fo/partners/logo.png) 0 center no-repeat;margin:0;padding:0}.samsungcard-header-wrapper .header-box h1.logo span{float:left;display:block;width:267px;height:100%}.samsungcard-header-wrapper .header-box h1.logo span a{overflow:hidden;display:block;width:100%;height:100%;font-size:0;line-height:0;text-indent:-500px}.samsungcard-header-wrapper .header-box h1.logo em{float:left;display:block;width:134px;height:100%;font-size:0;line-height:0;text-indent:-5000px;background:url(http://static12.samsungcard.com/images/mallinmall/cml/fo/partners/btn_point_on.gif) 0 center no-repeat;margin-left:20px;overflow:hidden}.samsungcard-header-wrapper .header-box .links-shp{position:absolute;right:0;top:21px;padding:0;margin:0}.samsungcard-header-wrapper .header-box .links-shp li{float:left;margin-left:48px;list-style:none}.samsungcard-header-wrapper .header-box .links-shp li a{font-size:20px;line-height:1.2;letter-spacing:-1px;font-weight:700;color:#101010;text-decoration:none}.samsungcard-header-wrapper .description{width:100%;padding:0;border-top:1px solid #d0d0d0;background:#f4f4f4;box-shadow:inset 0 2px 3px 0 rgba(0,0,0,.08)}.samsungcard-header-wrapper .description p{width:1260px;padding:6px 0 9px 24px;margin:0 auto;color:#303030;background:url(http://static12.samsungcard.com/images/mallinmall/cml/fo/partners/ico_tip.gif) 0 10px no-repeat;box-sizing:border-box}.samsungcard-header-wrapper .description p em{font-style:normal;font-weight:700}</style><link href="../../../../../Downloads/homeplus_files/30.82f8c60f.chunk.css" rel="stylesheet"><style>:is([id*='google_ads_iframe'],[id*='taboola-'],.taboolaHeight,.taboola-placeholder,#credential_picker_container,#credentials-picker-container,#credential_picker_iframe,[id*='google-one-tap-iframe'],#google-one-tap-popup-container,.google-one-tap-modal-div,#amp_floatingAdDiv,#ez-content-blocker-container) {display:none!important;min-height:0!important;height:0!important;}</style><script async="" src="../../../../../Downloads/homeplus_files/airbridge.min.js"></script><style data-emotion="css-global" data-s=""></style><style data-emotion="css" data-s=""></style><script charset="utf-8" src="../../../../../Downloads/homeplus_files/11.13efd04d.chunk.js"></script><script charset="utf-8" src="../../../../../Downloads/homeplus_files/79.9349ee68.chunk.js"></script><script charset="utf-8" src="../../../../../Downloads/homeplus_files/126.946f2747.chunk.js"></script><meta property="og:url" content="https://mfront.homeplus.co.kr/search/tdSearchFinder?displayType=typeA&amp;entry=direct&amp;keyword=%EA%B0%90%EC%9E%90" data-react-helmet="true"><meta property="og:type" content="article" data-react-helmet="true"><meta property="og:image:type" content="image/png" data-react-helmet="true"><script defer="true" src="../../../../../Downloads/homeplus_files/kakao.min.js" data-react-helmet="true"></script><script defer="true" src="../../../../../Downloads/homeplus_files/js(2)" data-react-helmet="true"></script><script id="vwoCode" data-react-helmet="true">window._vwo_code || (function() {
    var account_id=770509,
    version=2.0,
    settings_tolerance=2000,
    hide_element='body',
    hide_element_style = 'opacity:0 !important;filter:alpha(opacity=0) !important;background:none !important',
    /* DO NOT EDIT BELOW THIS LINE */
    f=false,w=window,d=document,v=d.querySelector('#vwoCode'),cK='_vwo_'+account_id+'_settings',cc={};try{var c=JSON.parse(localStorage.getItem('_vwo_'+account_id+'_config'));cc=c&&typeof c==='object'?c:{}}catch(e){}var stT=cc.stT==='session'?w.sessionStorage:w.localStorage;code={use_existing_jquery:function(){return typeof use_existing_jquery!=='undefined'?use_existing_jquery:undefined},library_tolerance:function(){return typeof library_tolerance!=='undefined'?library_tolerance:undefined},settings_tolerance:function(){return cc.sT||settings_tolerance},hide_element_style:function(){return'{'+(cc.hES||hide_element_style)+'}'},hide_element:function(){return typeof cc.hE==='string'?cc.hE:hide_element},getVersion:function(){return version},finish:function(){if(!f){f=true;var e=d.getElementById('_vis_opt_path_hides');if(e)e.parentNode.removeChild(e)}},finished:function(){return f},load:function(e){var t=this.getSettings(),n=d.createElement('script'),i=this;if(t){n.textContent=t;d.getElementsByTagName('head')[0].appendChild(n);if(!w.VWO||VWO.caE){stT.removeItem(cK);i.load(e)}}else{n.fetchPriority='high';n.src=e;n.type='text/javascript';n.onerror=function(){_vwo_code.finish()};d.getElementsByTagName('head')[0].appendChild(n)}},getSettings:function(){try{var e=stT.getItem(cK);if(!e){return}e=JSON.parse(e);if(Date.now()>e.e){stT.removeItem(cK);return}return e.s}catch(e){return}},init:function(){if(d.URL.indexOf('__vwo_disable__')>-1)return;var e=this.settings_tolerance();w._vwo_settings_timer=setTimeout(function(){_vwo_code.finish();stT.removeItem(cK)},e);var t=d.currentScript,n=d.createElement('style'),i=this.hide_element(),r=t&&!t.async&&i?i+this.hide_element_style():'',c=d.getElementsByTagName('head')[0];n.setAttribute('id','_vis_opt_path_hides');v&&n.setAttribute('nonce',v.nonce);n.setAttribute('type','text/css');if(n.styleSheet)n.styleSheet.cssText=r;else n.appendChild(d.createTextNode(r));c.appendChild(n);this.load('https://dev.visualwebsiteoptimizer.com/j.php?a='+account_id+'&u='+encodeURIComponent(d.URL)+'&vn='+version)}};w._vwo_code=code;code.init();})();</script><script fetchpriority="high" src="../../../../../Downloads/homeplus_files/j.php" type="text/javascript"></script><script defer="true" src="../../../../../Downloads/homeplus_files/ld.js" data-react-helmet="true"></script><link rel="stylesheet" href="../../../../../Downloads/homeplus_files/7f85a56ba4.css"><style id="ab-css-definitions-3-5-1">.ab-pause-scrolling,body.ab-pause-scrolling,html.ab-pause-scrolling{overflow:hidden;touch-action:none}.ab-centering-div,.ab-iam-root.v3{position:fixed;top:0;right:0;bottom:0;left:0;pointer-events:none;z-index:1050;-webkit-tap-highlight-color:transparent}.ab-centering-div:focus,.ab-iam-root.v3:focus{outline:0}.ab-centering-div.ab-effect-fullscreen,.ab-centering-div.ab-effect-html,.ab-centering-div.ab-effect-modal,.ab-iam-root.v3.ab-effect-fullscreen,.ab-iam-root.v3.ab-effect-html,.ab-iam-root.v3.ab-effect-modal{opacity:0}.ab-centering-div.ab-effect-fullscreen.ab-show,.ab-centering-div.ab-effect-html.ab-show,.ab-centering-div.ab-effect-modal.ab-show,.ab-iam-root.v3.ab-effect-fullscreen.ab-show,.ab-iam-root.v3.ab-effect-html.ab-show,.ab-iam-root.v3.ab-effect-modal.ab-show{opacity:1}.ab-centering-div.ab-effect-fullscreen.ab-show.ab-animate-in,.ab-centering-div.ab-effect-html.ab-show.ab-animate-in,.ab-centering-div.ab-effect-modal.ab-show.ab-animate-in,.ab-iam-root.v3.ab-effect-fullscreen.ab-show.ab-animate-in,.ab-iam-root.v3.ab-effect-html.ab-show.ab-animate-in,.ab-iam-root.v3.ab-effect-modal.ab-show.ab-animate-in{-webkit-transition:opacity .5s;-moz-transition:opacity .5s;-o-transition:opacity .5s;transition:opacity .5s}.ab-centering-div.ab-effect-fullscreen.ab-hide,.ab-centering-div.ab-effect-html.ab-hide,.ab-centering-div.ab-effect-modal.ab-hide,.ab-iam-root.v3.ab-effect-fullscreen.ab-hide,.ab-iam-root.v3.ab-effect-html.ab-hide,.ab-iam-root.v3.ab-effect-modal.ab-hide{opacity:0}.ab-centering-div.ab-effect-fullscreen.ab-hide.ab-animate-out,.ab-centering-div.ab-effect-html.ab-hide.ab-animate-out,.ab-centering-div.ab-effect-modal.ab-hide.ab-animate-out,.ab-iam-root.v3.ab-effect-fullscreen.ab-hide.ab-animate-out,.ab-iam-root.v3.ab-effect-html.ab-hide.ab-animate-out,.ab-iam-root.v3.ab-effect-modal.ab-hide.ab-animate-out{-webkit-transition:opacity .5s;-moz-transition:opacity .5s;-o-transition:opacity .5s;transition:opacity .5s}.ab-centering-div.ab-effect-slide .ab-in-app-message,.ab-iam-root.v3.ab-effect-slide .ab-in-app-message{-webkit-transform:translateX(535px);-moz-transform:translateX(535px);-ms-transform:translateX(535px);transform:translateX(535px)}.ab-centering-div.ab-effect-slide.ab-show .ab-in-app-message,.ab-iam-root.v3.ab-effect-slide.ab-show .ab-in-app-message{-webkit-transform:translateX(0);-moz-transform:translateX(0);-ms-transform:translateX(0);transform:translateX(0)}.ab-centering-div.ab-effect-slide.ab-show.ab-animate-in .ab-in-app-message,.ab-iam-root.v3.ab-effect-slide.ab-show.ab-animate-in .ab-in-app-message{-webkit-transition:transform .5s ease-in-out;-moz-transition:transform .5s ease-in-out;-o-transition:transform .5s ease-in-out;transition:transform .5s ease-in-out}.ab-centering-div.ab-effect-slide.ab-hide .ab-in-app-message,.ab-iam-root.v3.ab-effect-slide.ab-hide .ab-in-app-message{-webkit-transform:translateX(535px);-moz-transform:translateX(535px);-ms-transform:translateX(535px);transform:translateX(535px)}.ab-centering-div.ab-effect-slide.ab-hide .ab-in-app-message.ab-swiped-left,.ab-iam-root.v3.ab-effect-slide.ab-hide .ab-in-app-message.ab-swiped-left{-webkit-transform:translateX(-535px);-moz-transform:translateX(-535px);-ms-transform:translateX(-535px);transform:translateX(-535px)}.ab-centering-div.ab-effect-slide.ab-hide .ab-in-app-message.ab-swiped-up,.ab-iam-root.v3.ab-effect-slide.ab-hide .ab-in-app-message.ab-swiped-up{-webkit-transform:translateY(-535px);-moz-transform:translateY(-535px);-ms-transform:translateY(-535px);transform:translateY(-535px)}.ab-centering-div.ab-effect-slide.ab-hide .ab-in-app-message.ab-swiped-down,.ab-iam-root.v3.ab-effect-slide.ab-hide .ab-in-app-message.ab-swiped-down{-webkit-transform:translateY(535px);-moz-transform:translateY(535px);-ms-transform:translateY(535px);transform:translateY(535px)}.ab-centering-div.ab-effect-slide.ab-hide.ab-animate-out .ab-in-app-message,.ab-iam-root.v3.ab-effect-slide.ab-hide.ab-animate-out .ab-in-app-message{-webkit-transition:transform .5s ease-in-out;-moz-transition:transform .5s ease-in-out;-o-transition:transform .5s ease-in-out;transition:transform .5s ease-in-out}.ab-centering-div .ab-ios-scroll-wrapper,.ab-iam-root.v3 .ab-ios-scroll-wrapper{position:fixed;top:0;right:0;bottom:0;left:0;overflow:auto;pointer-events:all;touch-action:auto;-webkit-overflow-scrolling:touch}.ab-centering-div .ab-in-app-message,.ab-iam-root.v3 .ab-in-app-message{-webkit-box-sizing:border-box;-moz-box-sizing:border-box;box-sizing:border-box;position:fixed;text-align:center;-webkit-box-shadow:0 0 4px rgba(0,0,0,.3);-moz-box-shadow:0 0 4px rgba(0,0,0,.3);box-shadow:0 0 4px rgba(0,0,0,.3);line-height:normal;letter-spacing:normal;font-family:'Helvetica Neue Light','Helvetica Neue',Helvetica,Arial,'Lucida Grande',sans-serif;z-index:1050;max-width:100%;overflow:hidden;display:inline-block;pointer-events:all;color:#333}.ab-centering-div .ab-in-app-message.ab-no-shadow,.ab-iam-root.v3 .ab-in-app-message.ab-no-shadow{-webkit-box-shadow:none;-moz-box-shadow:none;box-shadow:none}.ab-centering-div .ab-in-app-message :focus,.ab-centering-div .ab-in-app-message:focus,.ab-iam-root.v3 .ab-in-app-message :focus,.ab-iam-root.v3 .ab-in-app-message:focus{outline:0}.ab-centering-div .ab-in-app-message.ab-clickable,.ab-iam-root.v3 .ab-in-app-message.ab-clickable{cursor:pointer}.ab-centering-div .ab-in-app-message.ab-background,.ab-iam-root.v3 .ab-in-app-message.ab-background{background-color:#fff}.ab-centering-div .ab-in-app-message .ab-close-button,.ab-iam-root.v3 .ab-in-app-message .ab-close-button{-webkit-box-sizing:content-box;-moz-box-sizing:content-box;box-sizing:content-box;background-color:transparent;background-size:15px;border:none;width:15px;min-width:15px;height:15px;cursor:pointer;display:block;font-size:15px;line-height:0;padding-top:15px;padding-right:15px;padding-left:15px;padding-bottom:15px;position:absolute;right:0;top:0;z-index:1060}.ab-centering-div .ab-in-app-message .ab-close-button svg,.ab-iam-root.v3 .ab-in-app-message .ab-close-button svg{-webkit-transition:.2s ease;-moz-transition:.2s ease;-o-transition:.2s ease;transition:.2s ease;fill:#9b9b9b}.ab-centering-div .ab-in-app-message .ab-close-button svg.ab-chevron,.ab-iam-root.v3 .ab-in-app-message .ab-close-button svg.ab-chevron{display:none}.ab-centering-div .ab-in-app-message .ab-close-button:active,.ab-iam-root.v3 .ab-in-app-message .ab-close-button:active{background-color:transparent}.ab-centering-div .ab-in-app-message .ab-close-button:focus,.ab-iam-root.v3 .ab-in-app-message .ab-close-button:focus{background-color:transparent}.ab-centering-div .ab-in-app-message .ab-close-button:hover,.ab-iam-root.v3 .ab-in-app-message .ab-close-button:hover{background-color:transparent}.ab-centering-div .ab-in-app-message .ab-close-button:hover svg,.ab-iam-root.v3 .ab-in-app-message .ab-close-button:hover svg{fill-opacity:.8}.ab-centering-div .ab-in-app-message .ab-message-text,.ab-iam-root.v3 .ab-in-app-message .ab-message-text{float:none;line-height:1.5;margin:20px 25px;max-width:100%;overflow:hidden;overflow-y:auto;vertical-align:text-bottom;word-wrap:break-word;white-space:pre-wrap;font-family:'Helvetica Neue Light','Helvetica Neue',Helvetica,Arial,'Lucida Grande',sans-serif}.ab-centering-div .ab-in-app-message .ab-message-text.start-aligned,.ab-iam-root.v3 .ab-in-app-message .ab-message-text.start-aligned{text-align:left;text-align:start}.ab-centering-div .ab-in-app-message .ab-message-text.end-aligned,.ab-iam-root.v3 .ab-in-app-message .ab-message-text.end-aligned{text-align:right;text-align:end}.ab-centering-div .ab-in-app-message .ab-message-text.center-aligned,.ab-iam-root.v3 .ab-in-app-message .ab-message-text.center-aligned{text-align:center}.ab-centering-div .ab-in-app-message .ab-message-text::-webkit-scrollbar,.ab-iam-root.v3 .ab-in-app-message .ab-message-text::-webkit-scrollbar{-webkit-appearance:none;width:14px}.ab-centering-div .ab-in-app-message .ab-message-text::-webkit-scrollbar-thumb,.ab-iam-root.v3 .ab-in-app-message .ab-message-text::-webkit-scrollbar-thumb{-webkit-appearance:none;border:4px solid transparent;background-clip:padding-box;-webkit-border-radius:7px;-moz-border-radius:7px;border-radius:7px;background-color:rgba(0,0,0,.2)}.ab-centering-div .ab-in-app-message .ab-message-text::-webkit-scrollbar-button,.ab-iam-root.v3 .ab-in-app-message .ab-message-text::-webkit-scrollbar-button{width:0;height:0;display:none}.ab-centering-div .ab-in-app-message .ab-message-text::-webkit-scrollbar-corner,.ab-iam-root.v3 .ab-in-app-message .ab-message-text::-webkit-scrollbar-corner{background-color:transparent}.ab-centering-div .ab-in-app-message .ab-message-header,.ab-iam-root.v3 .ab-in-app-message .ab-message-header{float:none;letter-spacing:0;margin:0;font-weight:700;font-family:'Helvetica Neue Light','Helvetica Neue',Helvetica,Arial,'Lucida Grande',sans-serif;display:block;font-size:20px;margin-bottom:10px;line-height:1.3}.ab-centering-div .ab-in-app-message .ab-message-header.start-aligned,.ab-iam-root.v3 .ab-in-app-message .ab-message-header.start-aligned{text-align:left;text-align:start}.ab-centering-div .ab-in-app-message .ab-message-header.end-aligned,.ab-iam-root.v3 .ab-in-app-message .ab-message-header.end-aligned{text-align:right;text-align:end}.ab-centering-div .ab-in-app-message .ab-message-header.center-aligned,.ab-iam-root.v3 .ab-in-app-message .ab-message-header.center-aligned{text-align:center}.ab-centering-div .ab-in-app-message.ab-fullscreen,.ab-centering-div .ab-in-app-message.ab-modal,.ab-centering-div .ab-in-app-message.ab-slideup,.ab-iam-root.v3 .ab-in-app-message.ab-fullscreen,.ab-iam-root.v3 .ab-in-app-message.ab-modal,.ab-iam-root.v3 .ab-in-app-message.ab-slideup{-webkit-border-radius:8px;-moz-border-radius:8px;border-radius:8px}.ab-centering-div .ab-in-app-message.ab-slideup,.ab-iam-root.v3 .ab-in-app-message.ab-slideup{-webkit-box-sizing:content-box;-moz-box-sizing:content-box;box-sizing:content-box;cursor:pointer;overflow:hidden;word-wrap:break-word;text-overflow:ellipsis;font-size:14px;font-weight:700;margin:20px;margin-top:calc(constant(safe-area-inset-top,0) + 20px);margin-right:calc(constant(safe-area-inset-right,0) + 20px);margin-bottom:calc(constant(safe-area-inset-bottom,0) + 20px);margin-left:calc(constant(safe-area-inset-left,0) + 20px);margin-top:calc(env(safe-area-inset-top,0) + 20px);margin-right:calc(env(safe-area-inset-right,0) + 20px);margin-bottom:calc(env(safe-area-inset-bottom,0) + 20px);margin-left:calc(env(safe-area-inset-left,0) + 20px);max-height:150px;padding:10px;right:0;background-color:#efefef}.ab-centering-div .ab-in-app-message.ab-slideup.simulate-phone,.ab-iam-root.v3 .ab-in-app-message.ab-slideup.simulate-phone{max-height:66px;margin:10px;margin-top:calc(constant(safe-area-inset-top,0) + 10px);margin-right:calc(constant(safe-area-inset-right,0) + 10px);margin-bottom:calc(constant(safe-area-inset-bottom,0) + 10px);margin-left:calc(constant(safe-area-inset-left,0) + 10px);margin-top:calc(env(safe-area-inset-top,0) + 10px);margin-right:calc(env(safe-area-inset-right,0) + 10px);margin-bottom:calc(env(safe-area-inset-bottom,0) + 10px);margin-left:calc(env(safe-area-inset-left,0) + 10px);max-width:90%;max-width:calc(100% - 40px);min-width:90%;min-width:calc(100% - 40px)}.ab-centering-div .ab-in-app-message.ab-slideup.simulate-phone .ab-close-button,.ab-iam-root.v3 .ab-in-app-message.ab-slideup.simulate-phone .ab-close-button{display:none}.ab-centering-div .ab-in-app-message.ab-slideup.simulate-phone .ab-close-button svg:not(.ab-chevron),.ab-iam-root.v3 .ab-in-app-message.ab-slideup.simulate-phone .ab-close-button svg:not(.ab-chevron){display:none}.ab-centering-div .ab-in-app-message.ab-slideup.simulate-phone.ab-clickable .ab-close-button,.ab-iam-root.v3 .ab-in-app-message.ab-slideup.simulate-phone.ab-clickable .ab-close-button{display:block;height:20px;padding:0 20px 0 18px;pointer-events:none;top:50%;-webkit-transform:translateY(-50%);-moz-transform:translateY(-50%);-ms-transform:translateY(-50%);transform:translateY(-50%);width:12px}.ab-centering-div .ab-in-app-message.ab-slideup.simulate-phone.ab-clickable .ab-close-button svg.ab-chevron,.ab-iam-root.v3 .ab-in-app-message.ab-slideup.simulate-phone.ab-clickable .ab-close-button svg.ab-chevron{display:inline}.ab-centering-div .ab-in-app-message.ab-slideup.simulate-phone.ab-clickable .ab-message-text,.ab-iam-root.v3 .ab-in-app-message.ab-slideup.simulate-phone.ab-clickable .ab-message-text{border-right-width:40px}.ab-centering-div .ab-in-app-message.ab-slideup.simulate-phone .ab-message-text,.ab-iam-root.v3 .ab-in-app-message.ab-slideup.simulate-phone .ab-message-text{max-width:100%;border-right-width:10px}.ab-centering-div .ab-in-app-message.ab-slideup.simulate-phone .ab-message-text span,.ab-iam-root.v3 .ab-in-app-message.ab-slideup.simulate-phone .ab-message-text span{max-height:66px}.ab-centering-div .ab-in-app-message.ab-slideup.simulate-phone .ab-message-text.ab-with-icon,.ab-centering-div .ab-in-app-message.ab-slideup.simulate-phone .ab-message-text.ab-with-image,.ab-iam-root.v3 .ab-in-app-message.ab-slideup.simulate-phone .ab-message-text.ab-with-icon,.ab-iam-root.v3 .ab-in-app-message.ab-slideup.simulate-phone .ab-message-text.ab-with-image{max-width:80%;max-width:calc(100% - 50px - 5px - 10px - 25px)}.ab-centering-div .ab-in-app-message.ab-slideup.simulate-phone .ab-image-area,.ab-iam-root.v3 .ab-in-app-message.ab-slideup.simulate-phone .ab-image-area{width:50px;height:50px}.ab-centering-div .ab-in-app-message.ab-slideup.simulate-phone .ab-image-area img,.ab-iam-root.v3 .ab-in-app-message.ab-slideup.simulate-phone .ab-image-area img{max-width:100%;max-height:100%;width:auto;height:auto}.ab-centering-div .ab-in-app-message.ab-slideup.ab-clickable:active .ab-message-text,.ab-centering-div .ab-in-app-message.ab-slideup.ab-clickable:focus .ab-message-text,.ab-centering-div .ab-in-app-message.ab-slideup.ab-clickable:hover .ab-message-text,.ab-iam-root.v3 .ab-in-app-message.ab-slideup.ab-clickable:active .ab-message-text,.ab-iam-root.v3 .ab-in-app-message.ab-slideup.ab-clickable:focus .ab-message-text,.ab-iam-root.v3 .ab-in-app-message.ab-slideup.ab-clickable:hover .ab-message-text{opacity:.8}.ab-centering-div .ab-in-app-message.ab-slideup.ab-clickable:active .ab-close-button svg.ab-chevron,.ab-centering-div .ab-in-app-message.ab-slideup.ab-clickable:focus .ab-close-button svg.ab-chevron,.ab-centering-div .ab-in-app-message.ab-slideup.ab-clickable:hover .ab-close-button svg.ab-chevron,.ab-iam-root.v3 .ab-in-app-message.ab-slideup.ab-clickable:active .ab-close-button svg.ab-chevron,.ab-iam-root.v3 .ab-in-app-message.ab-slideup.ab-clickable:focus .ab-close-button svg.ab-chevron,.ab-iam-root.v3 .ab-in-app-message.ab-slideup.ab-clickable:hover .ab-close-button svg.ab-chevron{fill-opacity:.8}.ab-centering-div .ab-in-app-message.ab-slideup .ab-message-text,.ab-iam-root.v3 .ab-in-app-message.ab-slideup .ab-message-text{-webkit-box-sizing:content-box;-moz-box-sizing:content-box;box-sizing:content-box;display:table-cell;border-color:transparent;border-style:solid;border-width:5px 25px 5px 10px;max-width:430px;vertical-align:middle;margin:0}.ab-centering-div .ab-in-app-message.ab-slideup .ab-message-text span,.ab-iam-root.v3 .ab-in-app-message.ab-slideup .ab-message-text span{display:block;max-height:150px;overflow:auto}.ab-centering-div .ab-in-app-message.ab-slideup .ab-message-text.ab-with-icon,.ab-centering-div .ab-in-app-message.ab-slideup .ab-message-text.ab-with-image,.ab-iam-root.v3 .ab-in-app-message.ab-slideup .ab-message-text.ab-with-icon,.ab-iam-root.v3 .ab-in-app-message.ab-slideup .ab-message-text.ab-with-image{max-width:365px;border-top:0;border-bottom:0}.ab-centering-div .ab-in-app-message.ab-slideup .ab-close-button,.ab-iam-root.v3 .ab-in-app-message.ab-slideup .ab-close-button{-webkit-box-sizing:content-box;-moz-box-sizing:content-box;box-sizing:content-box;background-color:transparent;background-size:15px;border:none;width:15px;min-width:15px;height:15px;cursor:pointer;display:block;font-size:15px;line-height:0;padding-top:15px;padding-right:15px;padding-left:15px;padding-bottom:15px;position:absolute;right:0;top:0;z-index:1060}.ab-centering-div .ab-in-app-message.ab-slideup .ab-close-button svg,.ab-iam-root.v3 .ab-in-app-message.ab-slideup .ab-close-button svg{-webkit-transition:.2s ease;-moz-transition:.2s ease;-o-transition:.2s ease;transition:.2s ease;fill:#9b9b9b}.ab-centering-div .ab-in-app-message.ab-slideup .ab-close-button svg.ab-chevron,.ab-iam-root.v3 .ab-in-app-message.ab-slideup .ab-close-button svg.ab-chevron{display:none}.ab-centering-div .ab-in-app-message.ab-slideup .ab-close-button:active,.ab-iam-root.v3 .ab-in-app-message.ab-slideup .ab-close-button:active{background-color:transparent}.ab-centering-div .ab-in-app-message.ab-slideup .ab-close-button:focus,.ab-iam-root.v3 .ab-in-app-message.ab-slideup .ab-close-button:focus{background-color:transparent}.ab-centering-div .ab-in-app-message.ab-slideup .ab-close-button:hover,.ab-iam-root.v3 .ab-in-app-message.ab-slideup .ab-close-button:hover{background-color:transparent}.ab-centering-div .ab-in-app-message.ab-slideup .ab-close-button:hover svg,.ab-iam-root.v3 .ab-in-app-message.ab-slideup .ab-close-button:hover svg{fill-opacity:.8}.ab-centering-div .ab-in-app-message.ab-slideup .ab-image-area,.ab-iam-root.v3 .ab-in-app-message.ab-slideup .ab-image-area{float:none;-webkit-box-sizing:content-box;-moz-box-sizing:content-box;box-sizing:content-box;display:table-cell;border-color:transparent;border-style:solid;border-width:5px 0 5px 5px;vertical-align:top;width:60px;margin:0}.ab-centering-div .ab-in-app-message.ab-slideup .ab-image-area.ab-icon-area,.ab-iam-root.v3 .ab-in-app-message.ab-slideup .ab-image-area.ab-icon-area{width:auto}.ab-centering-div .ab-in-app-message.ab-slideup .ab-image-area img,.ab-iam-root.v3 .ab-in-app-message.ab-slideup .ab-image-area img{float:none;width:100%}.ab-centering-div .ab-in-app-message.ab-fullscreen,.ab-centering-div .ab-in-app-message.ab-modal,.ab-iam-root.v3 .ab-in-app-message.ab-fullscreen,.ab-iam-root.v3 .ab-in-app-message.ab-modal{font-size:14px}.ab-centering-div .ab-in-app-message.ab-fullscreen .ab-image-area,.ab-centering-div .ab-in-app-message.ab-modal .ab-image-area,.ab-iam-root.v3 .ab-in-app-message.ab-fullscreen .ab-image-area,.ab-iam-root.v3 .ab-in-app-message.ab-modal .ab-image-area{float:none;position:relative;display:block;overflow:hidden}.ab-centering-div .ab-in-app-message.ab-fullscreen .ab-image-area .ab-center-cropped-img,.ab-centering-div .ab-in-app-message.ab-modal .ab-image-area .ab-center-cropped-img,.ab-iam-root.v3 .ab-in-app-message.ab-fullscreen .ab-image-area .ab-center-cropped-img,.ab-iam-root.v3 .ab-in-app-message.ab-modal .ab-image-area .ab-center-cropped-img{background-size:cover;background-repeat:no-repeat;background-position:50% 50%;position:absolute;top:0;right:0;bottom:0;left:0}.ab-centering-div .ab-in-app-message.ab-fullscreen .ab-icon,.ab-centering-div .ab-in-app-message.ab-modal .ab-icon,.ab-iam-root.v3 .ab-in-app-message.ab-fullscreen .ab-icon,.ab-iam-root.v3 .ab-in-app-message.ab-modal .ab-icon{margin-top:20px}.ab-centering-div .ab-in-app-message.ab-fullscreen.graphic,.ab-centering-div .ab-in-app-message.ab-modal.graphic,.ab-iam-root.v3 .ab-in-app-message.ab-fullscreen.graphic,.ab-iam-root.v3 .ab-in-app-message.ab-modal.graphic{padding:0}.ab-centering-div .ab-in-app-message.ab-fullscreen.graphic .ab-message-text,.ab-centering-div .ab-in-app-message.ab-modal.graphic .ab-message-text,.ab-iam-root.v3 .ab-in-app-message.ab-fullscreen.graphic .ab-message-text,.ab-iam-root.v3 .ab-in-app-message.ab-modal.graphic .ab-message-text{display:none}.ab-centering-div .ab-in-app-message.ab-fullscreen.graphic .ab-message-buttons,.ab-centering-div .ab-in-app-message.ab-modal.graphic .ab-message-buttons,.ab-iam-root.v3 .ab-in-app-message.ab-fullscreen.graphic .ab-message-buttons,.ab-iam-root.v3 .ab-in-app-message.ab-modal.graphic .ab-message-buttons{bottom:0;left:0}.ab-centering-div .ab-in-app-message.ab-fullscreen.graphic .ab-image-area,.ab-centering-div .ab-in-app-message.ab-modal.graphic .ab-image-area,.ab-iam-root.v3 .ab-in-app-message.ab-fullscreen.graphic .ab-image-area,.ab-iam-root.v3 .ab-in-app-message.ab-modal.graphic .ab-image-area{float:none;height:auto;margin:0}.ab-centering-div .ab-in-app-message.ab-fullscreen.graphic .ab-image-area img,.ab-centering-div .ab-in-app-message.ab-modal.graphic .ab-image-area img,.ab-iam-root.v3 .ab-in-app-message.ab-fullscreen.graphic .ab-image-area img,.ab-iam-root.v3 .ab-in-app-message.ab-modal.graphic .ab-image-area img{display:block;top:0;-webkit-transform:none;-moz-transform:none;-ms-transform:none;transform:none}.ab-centering-div .ab-in-app-message.ab-modal,.ab-iam-root.v3 .ab-in-app-message.ab-modal{padding-top:20px;width:450px;max-width:450px;max-height:720px}.ab-centering-div .ab-in-app-message.ab-modal.simulate-phone,.ab-iam-root.v3 .ab-in-app-message.ab-modal.simulate-phone{max-width:91%;max-width:calc(100% - 30px)}.ab-centering-div .ab-in-app-message.ab-modal.simulate-phone.graphic .ab-image-area img,.ab-iam-root.v3 .ab-in-app-message.ab-modal.simulate-phone.graphic .ab-image-area img{max-width:91vw;max-width:calc(100vw - 30px)}.ab-centering-div .ab-in-app-message.ab-modal .ab-message-text,.ab-iam-root.v3 .ab-in-app-message.ab-modal .ab-message-text{max-height:660px}.ab-centering-div .ab-in-app-message.ab-modal .ab-message-text.ab-with-image,.ab-iam-root.v3 .ab-in-app-message.ab-modal .ab-message-text.ab-with-image{max-height:524.82758621px}.ab-centering-div .ab-in-app-message.ab-modal .ab-message-text.ab-with-icon,.ab-iam-root.v3 .ab-in-app-message.ab-modal .ab-message-text.ab-with-icon{max-height:610px}.ab-centering-div .ab-in-app-message.ab-modal .ab-message-text.ab-with-buttons,.ab-iam-root.v3 .ab-in-app-message.ab-modal .ab-message-text.ab-with-buttons{margin-bottom:93px;max-height:587px}.ab-centering-div .ab-in-app-message.ab-modal .ab-message-text.ab-with-buttons.ab-with-image,.ab-iam-root.v3 .ab-in-app-message.ab-modal .ab-message-text.ab-with-buttons.ab-with-image{max-height:451.82758621px}.ab-centering-div .ab-in-app-message.ab-modal .ab-message-text.ab-with-buttons.ab-with-icon,.ab-iam-root.v3 .ab-in-app-message.ab-modal .ab-message-text.ab-with-buttons.ab-with-icon{max-height:537px}.ab-centering-div .ab-in-app-message.ab-modal .ab-image-area,.ab-iam-root.v3 .ab-in-app-message.ab-modal .ab-image-area{margin-top:-20px;max-height:155.17241379px}.ab-centering-div .ab-in-app-message.ab-modal .ab-image-area img,.ab-iam-root.v3 .ab-in-app-message.ab-modal .ab-image-area img{max-width:100%;max-height:155.17241379px}.ab-centering-div .ab-in-app-message.ab-modal .ab-image-area.ab-icon-area,.ab-iam-root.v3 .ab-in-app-message.ab-modal .ab-image-area.ab-icon-area{height:auto}.ab-centering-div .ab-in-app-message.ab-modal.graphic,.ab-iam-root.v3 .ab-in-app-message.ab-modal.graphic{width:auto;overflow:hidden}.ab-centering-div .ab-in-app-message.ab-modal.graphic .ab-image-area,.ab-iam-root.v3 .ab-in-app-message.ab-modal.graphic .ab-image-area{display:inline}.ab-centering-div .ab-in-app-message.ab-modal.graphic .ab-image-area img,.ab-iam-root.v3 .ab-in-app-message.ab-modal.graphic .ab-image-area img{max-height:720px;max-width:450px}.ab-centering-div .ab-in-app-message.ab-fullscreen,.ab-iam-root.v3 .ab-in-app-message.ab-fullscreen{width:450px;max-height:720px}.ab-centering-div .ab-in-app-message.ab-fullscreen.landscape,.ab-iam-root.v3 .ab-in-app-message.ab-fullscreen.landscape{width:720px;max-height:450px}.ab-centering-div .ab-in-app-message.ab-fullscreen.landscape .ab-image-area,.ab-iam-root.v3 .ab-in-app-message.ab-fullscreen.landscape .ab-image-area{height:225px}.ab-centering-div .ab-in-app-message.ab-fullscreen.landscape.graphic .ab-image-area,.ab-iam-root.v3 .ab-in-app-message.ab-fullscreen.landscape.graphic .ab-image-area{height:450px}.ab-centering-div .ab-in-app-message.ab-fullscreen.landscape .ab-message-text,.ab-iam-root.v3 .ab-in-app-message.ab-fullscreen.landscape .ab-message-text{max-height:112px}.ab-centering-div .ab-in-app-message.ab-fullscreen .ab-message-text,.ab-iam-root.v3 .ab-in-app-message.ab-fullscreen .ab-message-text{max-height:247px}.ab-centering-div .ab-in-app-message.ab-fullscreen .ab-message-text.ab-with-buttons,.ab-iam-root.v3 .ab-in-app-message.ab-fullscreen .ab-message-text.ab-with-buttons{margin-bottom:93px}.ab-centering-div .ab-in-app-message.ab-fullscreen .ab-image-area,.ab-iam-root.v3 .ab-in-app-message.ab-fullscreen .ab-image-area{height:360px}.ab-centering-div .ab-in-app-message.ab-fullscreen.graphic .ab-image-area,.ab-iam-root.v3 .ab-in-app-message.ab-fullscreen.graphic .ab-image-area{height:720px}.ab-centering-div .ab-in-app-message.ab-fullscreen.simulate-phone,.ab-iam-root.v3 .ab-in-app-message.ab-fullscreen.simulate-phone{-webkit-transition:top none;-moz-transition:top none;-o-transition:top none;transition:top none;top:0;right:0;bottom:0;left:0;height:100%;width:100%;max-height:none;-webkit-border-radius:0;-moz-border-radius:0;border-radius:0;-webkit-transform:none;-moz-transform:none;-ms-transform:none;transform:none;height:auto!important}.ab-centering-div .ab-in-app-message.ab-fullscreen.simulate-phone.landscape .ab-close-button,.ab-iam-root.v3 .ab-in-app-message.ab-fullscreen.simulate-phone.landscape .ab-close-button{margin-right:calc(constant(safe-area-inset-bottom,0) + constant(safe-area-inset-top,0));margin-right:calc(env(safe-area-inset-bottom,0) + env(safe-area-inset-top,0));margin-left:calc(constant(safe-area-inset-bottom,0) + constant(safe-area-inset-top,0));margin-left:calc(env(safe-area-inset-bottom,0) + env(safe-area-inset-top,0))}.ab-centering-div .ab-in-app-message.ab-fullscreen.simulate-phone .ab-image-area,.ab-centering-div .ab-in-app-message.ab-fullscreen.simulate-phone.landscape .ab-image-area,.ab-iam-root.v3 .ab-in-app-message.ab-fullscreen.simulate-phone .ab-image-area,.ab-iam-root.v3 .ab-in-app-message.ab-fullscreen.simulate-phone.landscape .ab-image-area{height:50%}.ab-centering-div .ab-in-app-message.ab-fullscreen.simulate-phone .ab-message-text,.ab-iam-root.v3 .ab-in-app-message.ab-fullscreen.simulate-phone .ab-message-text{max-height:48%;max-height:calc(50% - 20px - 20px)}.ab-centering-div .ab-in-app-message.ab-fullscreen.simulate-phone .ab-message-text.ab-with-buttons,.ab-iam-root.v3 .ab-in-app-message.ab-fullscreen.simulate-phone .ab-message-text.ab-with-buttons{margin-bottom:20px;max-height:30%;max-height:calc(50% - 93px - 20px)}.ab-centering-div .ab-in-app-message.ab-fullscreen.simulate-phone.landscape .ab-message-text.ab-with-buttons,.ab-iam-root.v3 .ab-in-app-message.ab-fullscreen.simulate-phone.landscape .ab-message-text.ab-with-buttons{max-height:20%;max-height:calc(50% - 93px - 20px)}.ab-centering-div .ab-in-app-message.ab-fullscreen.simulate-phone:not(.graphic),.ab-iam-root.v3 .ab-in-app-message.ab-fullscreen.simulate-phone:not(.graphic){padding-bottom:0;padding-bottom:constant(safe-area-inset-bottom,0);padding-bottom:env(safe-area-inset-bottom,0)}.ab-centering-div .ab-in-app-message.ab-fullscreen.simulate-phone:not(.graphic) .ab-message-buttons,.ab-iam-root.v3 .ab-in-app-message.ab-fullscreen.simulate-phone:not(.graphic) .ab-message-buttons{padding-top:0;position:relative}.ab-centering-div .ab-in-app-message.ab-fullscreen.simulate-phone.graphic,.ab-iam-root.v3 .ab-in-app-message.ab-fullscreen.simulate-phone.graphic{display:block}.ab-centering-div .ab-in-app-message.ab-fullscreen.simulate-phone.graphic .ab-image-area,.ab-iam-root.v3 .ab-in-app-message.ab-fullscreen.simulate-phone.graphic .ab-image-area{height:100%}.ab-centering-div .ab-in-app-message.ab-fullscreen.simulate-phone.graphic .ab-message-button,.ab-iam-root.v3 .ab-in-app-message.ab-fullscreen.simulate-phone.graphic .ab-message-button{margin-bottom:0;margin-bottom:constant(safe-area-inset-bottom,0);margin-bottom:env(safe-area-inset-bottom,0)}.ab-centering-div .ab-in-app-message.ab-html-message,.ab-iam-root.v3 .ab-in-app-message.ab-html-message{background-color:transparent;border:none;height:100%;overflow:auto;position:relative;touch-action:auto;width:100%}.ab-centering-div .ab-in-app-message .ab-message-buttons,.ab-iam-root.v3 .ab-in-app-message .ab-message-buttons{position:absolute;bottom:0;width:100%;padding:17px 25px 30px 25px;z-index:inherit;-webkit-box-sizing:border-box;-moz-box-sizing:border-box;box-sizing:border-box}.ab-centering-div .ab-in-app-message .ab-message-button,.ab-iam-root.v3 .ab-in-app-message .ab-message-button{-webkit-box-sizing:border-box;-moz-box-sizing:border-box;box-sizing:border-box;-webkit-border-radius:5px;-moz-border-radius:5px;border-radius:5px;-webkit-box-shadow:none;-moz-box-shadow:none;box-shadow:none;cursor:pointer;display:inline-block;font-size:14px;font-weight:700;font-family:'Helvetica Neue Light','Helvetica Neue',Helvetica,Arial,'Lucida Grande',sans-serif;height:44px;line-height:normal;letter-spacing:normal;margin:0;max-width:100%;min-width:80px;padding:0 12px;position:relative;text-transform:none;width:48%;width:calc(50% - 5px);border:1px solid #1b78cf;-webkit-transition:.2s ease;-moz-transition:.2s ease;-o-transition:.2s ease;transition:.2s ease;overflow:hidden;word-wrap:break-word;text-overflow:ellipsis;word-wrap:normal;white-space:nowrap}.ab-centering-div .ab-in-app-message .ab-message-button:first-of-type,.ab-iam-root.v3 .ab-in-app-message .ab-message-button:first-of-type{float:left;background-color:#fff;color:#1b78cf}.ab-centering-div .ab-in-app-message .ab-message-button:last-of-type,.ab-iam-root.v3 .ab-in-app-message .ab-message-button:last-of-type{float:right;background-color:#1b78cf;color:#fff}.ab-centering-div .ab-in-app-message .ab-message-button:first-of-type:last-of-type,.ab-iam-root.v3 .ab-in-app-message .ab-message-button:first-of-type:last-of-type{float:none;width:auto}.ab-centering-div .ab-in-app-message .ab-message-button:after,.ab-iam-root.v3 .ab-in-app-message .ab-message-button:after{content:'';position:absolute;top:0;left:0;width:100%;height:100%;background-color:transparent}.ab-centering-div .ab-in-app-message .ab-message-button:after,.ab-iam-root.v3 .ab-in-app-message .ab-message-button:after{-webkit-transition:.2s ease;-moz-transition:.2s ease;-o-transition:.2s ease;transition:.2s ease}.ab-centering-div .ab-in-app-message .ab-message-button:hover,.ab-iam-root.v3 .ab-in-app-message .ab-message-button:hover{opacity:.8}.ab-centering-div .ab-in-app-message .ab-message-button:active:after,.ab-iam-root.v3 .ab-in-app-message .ab-message-button:active:after{content:'';position:absolute;top:0;left:0;width:100%;height:100%;background-color:rgba(0,0,0,.08)}.ab-centering-div .ab-in-app-message .ab-message-button:focus:after,.ab-iam-root.v3 .ab-in-app-message .ab-message-button:focus:after{content:'';position:absolute;top:0;left:0;width:100%;height:100%;background-color:rgba(0,0,0,.15)}.ab-centering-div .ab-in-app-message .ab-message-button a,.ab-iam-root.v3 .ab-in-app-message .ab-message-button a{color:inherit;text-decoration:inherit}.ab-centering-div .ab-in-app-message img,.ab-iam-root.v3 .ab-in-app-message img{float:none;display:inline-block}.ab-centering-div .ab-in-app-message .ab-icon,.ab-iam-root.v3 .ab-in-app-message .ab-icon{float:none;display:inline-block;padding:10px;-webkit-border-radius:8px;-moz-border-radius:8px;border-radius:8px}.ab-centering-div .ab-in-app-message .ab-icon .fa,.ab-iam-root.v3 .ab-in-app-message .ab-icon .fa{float:none;font-size:30px;width:30px}.ab-centering-div .ab-start-hidden,.ab-iam-root.v3 .ab-start-hidden{visibility:hidden}.ab-centering-div .ab-centered,.ab-centering-div.ab-centering-div .ab-modal,.ab-iam-root.v3 .ab-centered,.ab-iam-root.v3.ab-centering-div .ab-modal{margin:auto;position:absolute;top:50%;left:50%;-webkit-transform:translate(-50%,-50%);-moz-transform:translate(-50%,-50%);-ms-transform:translate(-50%,-50%);transform:translate(-50%,-50%)}.ab-email-capture,.ab-iam-root.v3{-webkit-border-radius:0;-moz-border-radius:0;border-radius:0}.ab-email-capture .ab-page-blocker,.ab-iam-root.v3 .ab-page-blocker{position:fixed;top:0;left:0;width:100%;height:100%;z-index:1040;pointer-events:all;background-color:rgba(51,51,51,.75)}.ab-email-capture .ab-in-app-message.ab-modal .ab-email-capture-input{margin-bottom:30px}.ab-email-capture .ab-in-app-message.ab-modal .ab-message-buttons~.ab-message-text{max-height:541px;margin-bottom:160px}.ab-email-capture .ab-in-app-message.ab-modal .ab-message-buttons~.ab-message-text.with-explanatory-link{max-height:513px;margin-bottom:188px}.ab-email-capture .ab-in-app-message.ab-modal .ab-image-area~.ab-message-text{max-height:385.82758621px}.ab-email-capture .ab-in-app-message.ab-modal .ab-image-area~.ab-message-text.with-explanatory-link{max-height:357.82758621px}.ab-email-capture .ab-in-app-message.ab-modal .ab-email-validation-error{margin-top:62px}.ab-email-capture .ab-in-app-message.ab-modal .ab-explanatory-link{display:block}.ab-email-capture .ab-in-app-message.ab-modal .ab-background,.ab-email-capture .ab-in-app-message.ab-modal .ab-mask{position:absolute;top:0;right:0;bottom:0;left:0;z-index:-1}.ab-email-capture .ab-in-app-message.ab-modal .ab-close-button{line-height:normal}.ab-email-capture .ab-in-app-message.ab-modal .ab-html-close-button{right:3px;top:-1px;font-size:34px;padding-top:0}@media (max-width:600px){.ab-iam-root.v3 .ab-in-app-message.ab-slideup{max-height:66px;margin:10px;margin-top:calc(constant(safe-area-inset-top,0) + 10px);margin-right:calc(constant(safe-area-inset-right,0) + 10px);margin-bottom:calc(constant(safe-area-inset-bottom,0) + 10px);margin-left:calc(constant(safe-area-inset-left,0) + 10px);margin-top:calc(env(safe-area-inset-top,0) + 10px);margin-right:calc(env(safe-area-inset-right,0) + 10px);margin-bottom:calc(env(safe-area-inset-bottom,0) + 10px);margin-left:calc(env(safe-area-inset-left,0) + 10px);max-width:90%;max-width:calc(100% - 40px);min-width:90%;min-width:calc(100% - 40px)}.ab-iam-root.v3 .ab-in-app-message.ab-slideup .ab-close-button{display:none}.ab-iam-root.v3 .ab-in-app-message.ab-slideup .ab-close-button svg:not(.ab-chevron){display:none}.ab-iam-root.v3 .ab-in-app-message.ab-slideup.ab-clickable .ab-close-button{display:block;height:20px;padding:0 20px 0 18px;pointer-events:none;top:50%;-webkit-transform:translateY(-50%);-moz-transform:translateY(-50%);-ms-transform:translateY(-50%);transform:translateY(-50%);width:12px}.ab-iam-root.v3 .ab-in-app-message.ab-slideup.ab-clickable .ab-close-button svg.ab-chevron{display:inline}.ab-iam-root.v3 .ab-in-app-message.ab-slideup.ab-clickable .ab-message-text{border-right-width:40px}.ab-iam-root.v3 .ab-in-app-message.ab-slideup .ab-message-text{max-width:100%;border-right-width:10px}.ab-iam-root.v3 .ab-in-app-message.ab-slideup .ab-message-text span{max-height:66px}.ab-iam-root.v3 .ab-in-app-message.ab-slideup .ab-message-text.ab-with-icon,.ab-iam-root.v3 .ab-in-app-message.ab-slideup .ab-message-text.ab-with-image{max-width:80%;max-width:calc(100% - 50px - 5px - 10px - 25px)}.ab-iam-root.v3 .ab-in-app-message.ab-slideup .ab-image-area{width:50px;height:50px}.ab-iam-root.v3 .ab-in-app-message.ab-slideup .ab-image-area img{max-width:100%;max-height:100%;width:auto;height:auto}.ab-iam-root.v3 .ab-in-app-message:not(.force-desktop).ab-fullscreen,.ab-iam-root.v3 .ab-in-app-message:not(.force-desktop).ab-fullscreen.landscape{-webkit-transition:top none;-moz-transition:top none;-o-transition:top none;transition:top none;top:0;right:0;bottom:0;left:0;height:100%;width:100%;max-height:none;-webkit-border-radius:0;-moz-border-radius:0;border-radius:0;-webkit-transform:none;-moz-transform:none;-ms-transform:none;transform:none;height:auto!important}.ab-iam-root.v3 .ab-in-app-message:not(.force-desktop).ab-fullscreen.landscape .ab-close-button,.ab-iam-root.v3 .ab-in-app-message:not(.force-desktop).ab-fullscreen.landscape.landscape .ab-close-button{margin-right:calc(constant(safe-area-inset-bottom,0) + constant(safe-area-inset-top,0));margin-right:calc(env(safe-area-inset-bottom,0) + env(safe-area-inset-top,0));margin-left:calc(constant(safe-area-inset-bottom,0) + constant(safe-area-inset-top,0));margin-left:calc(env(safe-area-inset-bottom,0) + env(safe-area-inset-top,0))}.ab-iam-root.v3 .ab-in-app-message:not(.force-desktop).ab-fullscreen .ab-image-area,.ab-iam-root.v3 .ab-in-app-message:not(.force-desktop).ab-fullscreen.landscape .ab-image-area,.ab-iam-root.v3 .ab-in-app-message:not(.force-desktop).ab-fullscreen.landscape.landscape .ab-image-area{height:50%}.ab-iam-root.v3 .ab-in-app-message:not(.force-desktop).ab-fullscreen .ab-message-text,.ab-iam-root.v3 .ab-in-app-message:not(.force-desktop).ab-fullscreen.landscape .ab-message-text{max-height:48%;max-height:calc(50% - 20px - 20px)}.ab-iam-root.v3 .ab-in-app-message:not(.force-desktop).ab-fullscreen .ab-message-text.ab-with-buttons,.ab-iam-root.v3 .ab-in-app-message:not(.force-desktop).ab-fullscreen.landscape .ab-message-text.ab-with-buttons{margin-bottom:20px;max-height:30%;max-height:calc(50% - 93px - 20px)}.ab-iam-root.v3 .ab-in-app-message:not(.force-desktop).ab-fullscreen.landscape .ab-message-text.ab-with-buttons,.ab-iam-root.v3 .ab-in-app-message:not(.force-desktop).ab-fullscreen.landscape.landscape .ab-message-text.ab-with-buttons{max-height:20%;max-height:calc(50% - 93px - 20px)}.ab-iam-root.v3 .ab-in-app-message:not(.force-desktop).ab-fullscreen.landscape:not(.graphic),.ab-iam-root.v3 .ab-in-app-message:not(.force-desktop).ab-fullscreen:not(.graphic){padding-bottom:0;padding-bottom:constant(safe-area-inset-bottom,0);padding-bottom:env(safe-area-inset-bottom,0)}.ab-iam-root.v3 .ab-in-app-message:not(.force-desktop).ab-fullscreen.landscape:not(.graphic) .ab-message-buttons,.ab-iam-root.v3 .ab-in-app-message:not(.force-desktop).ab-fullscreen:not(.graphic) .ab-message-buttons{padding-top:0;position:relative}.ab-iam-root.v3 .ab-in-app-message:not(.force-desktop).ab-fullscreen.graphic,.ab-iam-root.v3 .ab-in-app-message:not(.force-desktop).ab-fullscreen.landscape.graphic{display:block}.ab-iam-root.v3 .ab-in-app-message:not(.force-desktop).ab-fullscreen.graphic .ab-image-area,.ab-iam-root.v3 .ab-in-app-message:not(.force-desktop).ab-fullscreen.landscape.graphic .ab-image-area{height:100%}.ab-iam-root.v3 .ab-in-app-message:not(.force-desktop).ab-fullscreen.graphic .ab-message-button,.ab-iam-root.v3 .ab-in-app-message:not(.force-desktop).ab-fullscreen.landscape.graphic .ab-message-button{margin-bottom:0;margin-bottom:constant(safe-area-inset-bottom,0);margin-bottom:env(safe-area-inset-bottom,0)}}@media (max-width:480px){.ab-email-capture .ab-in-app-message.ab-modal:not(.force-desktop),.ab-iam-root.v3 .ab-in-app-message.ab-modal:not(.force-desktop){max-width:91%;max-width:calc(100% - 30px)}.ab-email-capture .ab-in-app-message.ab-modal:not(.force-desktop).graphic .ab-image-area img,.ab-iam-root.v3 .ab-in-app-message.ab-modal:not(.force-desktop).graphic .ab-image-area img{max-width:91vw;max-width:calc(100vw - 30px)}}@media (max-height:750px){.ab-email-capture .ab-in-app-message.ab-modal:not(.force-desktop),.ab-iam-root.v3 .ab-in-app-message.ab-modal:not(.force-desktop){max-height:91%;max-height:calc(100% - 30px)}.ab-email-capture .ab-in-app-message.ab-modal:not(.force-desktop).graphic .ab-image-area img,.ab-iam-root.v3 .ab-in-app-message.ab-modal:not(.force-desktop).graphic .ab-image-area img{max-height:91vh;max-height:calc(100vh - 30px)}.ab-email-capture .ab-in-app-message.ab-modal:not(.force-desktop) .ab-message-text,.ab-iam-root.v3 .ab-in-app-message.ab-modal:not(.force-desktop) .ab-message-text{max-height:65vh;max-height:calc(100vh - 30px - 60px)}.ab-email-capture .ab-in-app-message.ab-modal:not(.force-desktop) .ab-message-text.ab-with-image,.ab-iam-root.v3 .ab-in-app-message.ab-modal:not(.force-desktop) .ab-message-text.ab-with-image{max-height:45vh;max-height:calc(100vh - 30px - 155.17241379310346px - 40px)}.ab-email-capture .ab-in-app-message.ab-modal:not(.force-desktop) .ab-message-text.ab-with-icon,.ab-iam-root.v3 .ab-in-app-message.ab-modal:not(.force-desktop) .ab-message-text.ab-with-icon{max-height:45vh;max-height:calc(100vh - 30px - 70px - 40px)}.ab-email-capture .ab-in-app-message.ab-modal:not(.force-desktop) .ab-message-text.ab-with-buttons,.ab-iam-root.v3 .ab-in-app-message.ab-modal:not(.force-desktop) .ab-message-text.ab-with-buttons{max-height:50vh;max-height:calc(100vh - 30px - 93px - 40px)}.ab-email-capture .ab-in-app-message.ab-modal:not(.force-desktop) .ab-message-text.ab-with-buttons.ab-with-image,.ab-iam-root.v3 .ab-in-app-message.ab-modal:not(.force-desktop) .ab-message-text.ab-with-buttons.ab-with-image{max-height:30vh;max-height:calc(100vh - 30px - 155.17241379310346px - 93px - 20px)}.ab-email-capture .ab-in-app-message.ab-modal:not(.force-desktop) .ab-message-text.ab-with-buttons.ab-with-icon,.ab-iam-root.v3 .ab-in-app-message.ab-modal:not(.force-desktop) .ab-message-text.ab-with-buttons.ab-with-icon{max-height:30vh;max-height:calc(100vh - 30px - 70px - 93px - 20px)}}@media (min-width:601px){.ab-iam-root.v3 .ab-in-app-message.ab-fullscreen .ab-image-area img{max-height:100%;max-width:100%}}@media (max-height:750px) and (min-width:601px){.ab-iam-root.v3 .ab-in-app-message.ab-fullscreen:not(.landscape):not(.force-desktop){-webkit-transition:top none;-moz-transition:top none;-o-transition:top none;transition:top none;top:0;right:0;bottom:0;left:0;height:100%;width:100%;max-height:none;-webkit-border-radius:0;-moz-border-radius:0;border-radius:0;-webkit-transform:none;-moz-transform:none;-ms-transform:none;transform:none;height:auto!important;width:450px}.ab-iam-root.v3 .ab-in-app-message.ab-fullscreen:not(.landscape):not(.force-desktop).landscape .ab-close-button{margin-right:calc(constant(safe-area-inset-bottom,0) + constant(safe-area-inset-top,0));margin-right:calc(env(safe-area-inset-bottom,0) + env(safe-area-inset-top,0));margin-left:calc(constant(safe-area-inset-bottom,0) + constant(safe-area-inset-top,0));margin-left:calc(env(safe-area-inset-bottom,0) + env(safe-area-inset-top,0))}.ab-iam-root.v3 .ab-in-app-message.ab-fullscreen:not(.landscape):not(.force-desktop) .ab-image-area,.ab-iam-root.v3 .ab-in-app-message.ab-fullscreen:not(.landscape):not(.force-desktop).landscape .ab-image-area{height:50%}.ab-iam-root.v3 .ab-in-app-message.ab-fullscreen:not(.landscape):not(.force-desktop) .ab-message-text{max-height:48%;max-height:calc(50% - 20px - 20px)}.ab-iam-root.v3 .ab-in-app-message.ab-fullscreen:not(.landscape):not(.force-desktop) .ab-message-text.ab-with-buttons{margin-bottom:20px;max-height:30%;max-height:calc(50% - 93px - 20px)}.ab-iam-root.v3 .ab-in-app-message.ab-fullscreen:not(.landscape):not(.force-desktop).landscape .ab-message-text.ab-with-buttons{max-height:20%;max-height:calc(50% - 93px - 20px)}.ab-iam-root.v3 .ab-in-app-message.ab-fullscreen:not(.landscape):not(.force-desktop):not(.graphic){padding-bottom:0;padding-bottom:constant(safe-area-inset-bottom,0);padding-bottom:env(safe-area-inset-bottom,0)}.ab-iam-root.v3 .ab-in-app-message.ab-fullscreen:not(.landscape):not(.force-desktop):not(.graphic) .ab-message-buttons{padding-top:0;position:relative}.ab-iam-root.v3 .ab-in-app-message.ab-fullscreen:not(.landscape):not(.force-desktop).graphic{display:block}.ab-iam-root.v3 .ab-in-app-message.ab-fullscreen:not(.landscape):not(.force-desktop).graphic .ab-image-area{height:100%}.ab-iam-root.v3 .ab-in-app-message.ab-fullscreen:not(.landscape):not(.force-desktop).graphic .ab-message-button{margin-bottom:0;margin-bottom:constant(safe-area-inset-bottom,0);margin-bottom:env(safe-area-inset-bottom,0)}}@media (max-height:480px){.ab-iam-root.v3 .ab-in-app-message.ab-fullscreen.landscape:not(.force-desktop){-webkit-transition:top none;-moz-transition:top none;-o-transition:top none;transition:top none;top:0;right:0;bottom:0;left:0;height:100%;width:100%;max-height:none;-webkit-border-radius:0;-moz-border-radius:0;border-radius:0;-webkit-transform:none;-moz-transform:none;-ms-transform:none;transform:none;height:auto!important}.ab-iam-root.v3 .ab-in-app-message.ab-fullscreen.landscape:not(.force-desktop).landscape .ab-close-button{margin-right:calc(constant(safe-area-inset-bottom,0) + constant(safe-area-inset-top,0));margin-right:calc(env(safe-area-inset-bottom,0) + env(safe-area-inset-top,0));margin-left:calc(constant(safe-area-inset-bottom,0) + constant(safe-area-inset-top,0));margin-left:calc(env(safe-area-inset-bottom,0) + env(safe-area-inset-top,0))}.ab-iam-root.v3 .ab-in-app-message.ab-fullscreen.landscape:not(.force-desktop) .ab-image-area,.ab-iam-root.v3 .ab-in-app-message.ab-fullscreen.landscape:not(.force-desktop).landscape .ab-image-area{height:50%}.ab-iam-root.v3 .ab-in-app-message.ab-fullscreen.landscape:not(.force-desktop) .ab-message-text{max-height:48%;max-height:calc(50% - 20px - 20px)}.ab-iam-root.v3 .ab-in-app-message.ab-fullscreen.landscape:not(.force-desktop) .ab-message-text.ab-with-buttons{margin-bottom:20px;max-height:30%;max-height:calc(50% - 93px - 20px)}.ab-iam-root.v3 .ab-in-app-message.ab-fullscreen.landscape:not(.force-desktop).landscape .ab-message-text.ab-with-buttons{max-height:20%;max-height:calc(50% - 93px - 20px)}.ab-iam-root.v3 .ab-in-app-message.ab-fullscreen.landscape:not(.force-desktop):not(.graphic){padding-bottom:0;padding-bottom:constant(safe-area-inset-bottom,0);padding-bottom:env(safe-area-inset-bottom,0)}.ab-iam-root.v3 .ab-in-app-message.ab-fullscreen.landscape:not(.force-desktop):not(.graphic) .ab-message-buttons{padding-top:0;position:relative}.ab-iam-root.v3 .ab-in-app-message.ab-fullscreen.landscape:not(.force-desktop).graphic{display:block}.ab-iam-root.v3 .ab-in-app-message.ab-fullscreen.landscape:not(.force-desktop).graphic .ab-image-area{height:100%}.ab-iam-root.v3 .ab-in-app-message.ab-fullscreen.landscape:not(.force-desktop).graphic .ab-message-button{margin-bottom:0;margin-bottom:constant(safe-area-inset-bottom,0);margin-bottom:env(safe-area-inset-bottom,0)}}@media (max-width:750px){.ab-iam-root.v3 .ab-in-app-message.ab-fullscreen.landscape:not(.force-desktop){-webkit-transition:top none;-moz-transition:top none;-o-transition:top none;transition:top none;top:0;right:0;bottom:0;left:0;height:100%;width:100%;max-height:none;-webkit-border-radius:0;-moz-border-radius:0;border-radius:0;-webkit-transform:none;-moz-transform:none;-ms-transform:none;transform:none;height:auto!important}.ab-iam-root.v3 .ab-in-app-message.ab-fullscreen.landscape:not(.force-desktop).landscape .ab-close-button{margin-right:calc(constant(safe-area-inset-bottom,0) + constant(safe-area-inset-top,0));margin-right:calc(env(safe-area-inset-bottom,0) + env(safe-area-inset-top,0));margin-left:calc(constant(safe-area-inset-bottom,0) + constant(safe-area-inset-top,0));margin-left:calc(env(safe-area-inset-bottom,0) + env(safe-area-inset-top,0))}.ab-iam-root.v3 .ab-in-app-message.ab-fullscreen.landscape:not(.force-desktop) .ab-image-area,.ab-iam-root.v3 .ab-in-app-message.ab-fullscreen.landscape:not(.force-desktop).landscape .ab-image-area{height:50%}.ab-iam-root.v3 .ab-in-app-message.ab-fullscreen.landscape:not(.force-desktop) .ab-message-text{max-height:48%;max-height:calc(50% - 20px - 20px)}.ab-iam-root.v3 .ab-in-app-message.ab-fullscreen.landscape:not(.force-desktop) .ab-message-text.ab-with-buttons{margin-bottom:20px;max-height:30%;max-height:calc(50% - 93px - 20px)}.ab-iam-root.v3 .ab-in-app-message.ab-fullscreen.landscape:not(.force-desktop).landscape .ab-message-text.ab-with-buttons{max-height:20%;max-height:calc(50% - 93px - 20px)}.ab-iam-root.v3 .ab-in-app-message.ab-fullscreen.landscape:not(.force-desktop):not(.graphic){padding-bottom:0;padding-bottom:constant(safe-area-inset-bottom,0);padding-bottom:env(safe-area-inset-bottom,0)}.ab-iam-root.v3 .ab-in-app-message.ab-fullscreen.landscape:not(.force-desktop):not(.graphic) .ab-message-buttons{padding-top:0;position:relative}.ab-iam-root.v3 .ab-in-app-message.ab-fullscreen.landscape:not(.force-desktop).graphic{display:block}.ab-iam-root.v3 .ab-in-app-message.ab-fullscreen.landscape:not(.force-desktop).graphic .ab-image-area{height:100%}.ab-iam-root.v3 .ab-in-app-message.ab-fullscreen.landscape:not(.force-desktop).graphic .ab-message-button{margin-bottom:0;margin-bottom:constant(safe-area-inset-bottom,0);margin-bottom:env(safe-area-inset-bottom,0)}}body>.ab-feed{position:fixed;top:0;right:0;bottom:0;width:421px;-webkit-border-radius:0;-moz-border-radius:0;border-radius:0}body>.ab-feed .ab-feed-body{position:absolute;top:0;left:0;right:0;border:none;border-left:1px solid #d0d0d0;padding-top:70px;min-height:100%}body>.ab-feed .ab-initial-spinner{float:none}body>.ab-feed .ab-no-cards-message{position:absolute;width:100%;margin-left:-20px;top:40%}.ab-feed{-webkit-border-radius:3px;-moz-border-radius:3px;border-radius:3px;-webkit-box-sizing:border-box;-moz-box-sizing:border-box;box-sizing:border-box;-webkit-box-shadow:0 1px 7px 1px rgba(66,82,113,.15);-moz-box-shadow:0 1px 7px 1px rgba(66,82,113,.15);box-shadow:0 1px 7px 1px rgba(66,82,113,.15);width:402px;background-color:#eee;font-family:'Helvetica Neue Light','Helvetica Neue',Helvetica,Arial,'Lucida Grande',sans-serif;font-size:13px;line-height:130%;letter-spacing:normal;overflow-y:auto;overflow-x:visible;z-index:1050;-webkit-overflow-scrolling:touch}.ab-feed :focus,.ab-feed:focus{outline:0}.ab-feed .ab-feed-body{-webkit-box-sizing:border-box;-moz-box-sizing:border-box;box-sizing:border-box;border:1px solid #d0d0d0;border-top:none;padding:20px 20px 0 20px}.ab-feed.ab-effect-slide{-webkit-transform:translateX(450px);-moz-transform:translateX(450px);-ms-transform:translateX(450px);transform:translateX(450px);-webkit-transition:transform .5s ease-in-out;-moz-transition:transform .5s ease-in-out;-o-transition:transform .5s ease-in-out;transition:transform .5s ease-in-out}.ab-feed.ab-effect-slide.ab-show{-webkit-transform:translateX(0);-moz-transform:translateX(0);-ms-transform:translateX(0);transform:translateX(0)}.ab-feed.ab-effect-slide.ab-hide{-webkit-transform:translateX(450px);-moz-transform:translateX(450px);-ms-transform:translateX(450px);transform:translateX(450px)}.ab-feed .ab-card{position:relative;-webkit-box-shadow:0 2px 3px 0 rgba(178,178,178,.5);-moz-box-shadow:0 2px 3px 0 rgba(178,178,178,.5);box-shadow:0 2px 3px 0 rgba(178,178,178,.5);-webkit-box-sizing:border-box;-moz-box-sizing:border-box;box-sizing:border-box;-webkit-border-radius:3px;-moz-border-radius:3px;border-radius:3px;width:100%;border:1px solid #d0d0d0;margin-bottom:20px;overflow:hidden;background-color:#fff;-webkit-transition:height .4s ease-in-out,margin .4s ease-in-out;-moz-transition:height .4s ease-in-out,margin .4s ease-in-out;-o-transition:height .4s ease-in-out,margin .4s ease-in-out;transition:height .4s ease-in-out,margin .4s ease-in-out}.ab-feed .ab-card .ab-pinned-indicator{position:absolute;right:0;top:0;margin-right:-1px;width:0;height:0;border-style:solid;border-width:0 24px 24px 0;border-color:transparent #1676d0 transparent transparent}.ab-feed .ab-card .ab-pinned-indicator .fa-star{position:absolute;right:-21px;top:2px;font-size:9px;color:#fff}.ab-feed .ab-card.ab-effect-card.ab-hide{-webkit-transition:all .5s ease-in-out;-moz-transition:all .5s ease-in-out;-o-transition:all .5s ease-in-out;transition:all .5s ease-in-out}.ab-feed .ab-card.ab-effect-card.ab-hide.ab-swiped-left{-webkit-transform:translateX(-450px);-moz-transform:translateX(-450px);-ms-transform:translateX(-450px);transform:translateX(-450px)}.ab-feed .ab-card.ab-effect-card.ab-hide.ab-swiped-right{-webkit-transform:translateX(450px);-moz-transform:translateX(450px);-ms-transform:translateX(450px);transform:translateX(450px)}.ab-feed .ab-card.ab-effect-card.ab-hide:not(.ab-swiped-left):not(.ab-swiped-right){opacity:0}.ab-feed .ab-card .ab-close-button{-webkit-box-sizing:content-box;-moz-box-sizing:content-box;box-sizing:content-box;background-color:transparent;background-size:15px;border:none;width:15px;min-width:15px;height:15px;cursor:pointer;display:block;font-size:15px;line-height:0;padding-top:15px;padding-right:15px;padding-left:15px;padding-bottom:15px;position:absolute;right:0;top:0;z-index:1060;opacity:0;-webkit-transition:.5s;-moz-transition:.5s;-o-transition:.5s;transition:.5s}.ab-feed .ab-card .ab-close-button svg{-webkit-transition:.2s ease;-moz-transition:.2s ease;-o-transition:.2s ease;transition:.2s ease;fill:#9b9b9b}.ab-feed .ab-card .ab-close-button svg.ab-chevron{display:none}.ab-feed .ab-card .ab-close-button:active{background-color:transparent}.ab-feed .ab-card .ab-close-button:focus{background-color:transparent}.ab-feed .ab-card .ab-close-button:hover{background-color:transparent}.ab-feed .ab-card .ab-close-button:hover svg{fill-opacity:.8}.ab-feed .ab-card .ab-close-button:hover{opacity:1}.ab-feed .ab-card .ab-close-button:focus{opacity:1}.ab-feed .ab-card a{float:none;color:inherit;text-decoration:none}.ab-feed .ab-card a:hover{text-decoration:underline}.ab-feed .ab-card .ab-image-area{float:none;display:inline-block;vertical-align:top;line-height:0;overflow:hidden;width:100%;-webkit-box-sizing:initial;-moz-box-sizing:initial;box-sizing:initial}.ab-feed .ab-card .ab-image-area img{float:none;height:auto;width:100%}.ab-feed .ab-card.ab-banner .ab-card-body{display:none}.ab-feed .ab-card .ab-card-body{-webkit-box-sizing:border-box;-moz-box-sizing:border-box;box-sizing:border-box;display:inline-block;width:100%;position:relative}.ab-feed .ab-card .ab-unread-indicator{position:absolute;bottom:0;margin-right:-1px;width:100%;height:5px;background-color:#1676d0}.ab-feed .ab-card .ab-unread-indicator.read{background-color:transparent}.ab-feed .ab-card .ab-title{float:none;letter-spacing:0;margin:0;font-weight:700;font-family:'Helvetica Neue Light','Helvetica Neue',Helvetica,Arial,'Lucida Grande',sans-serif;display:block;overflow:hidden;word-wrap:break-word;text-overflow:ellipsis;font-size:18px;line-height:130%;padding:20px 25px 0 25px}.ab-feed .ab-card .ab-description{float:none;color:#545454;padding:15px 25px 20px 25px;word-wrap:break-word;white-space:pre-wrap}.ab-feed .ab-card .ab-description.ab-no-title{padding-top:20px}.ab-feed .ab-card .ab-url-area{float:none;color:#1676d0;margin-top:12px;font-family:'Helvetica Neue Light','Helvetica Neue',Helvetica,Arial,'Lucida Grande',sans-serif}.ab-feed .ab-card.ab-classic-card .ab-card-body{min-height:40px;-webkit-border-radius:3px;-moz-border-radius:3px;border-radius:3px}.ab-feed .ab-card.ab-classic-card.with-image .ab-card-body{min-height:100px;padding-left:72px}.ab-feed .ab-card.ab-classic-card.with-image .ab-image-area{width:60px;height:60px;padding:20px 0 25px 25px;position:absolute}.ab-feed .ab-card.ab-classic-card.with-image .ab-image-area img{-webkit-border-radius:3px;-moz-border-radius:3px;border-radius:3px;max-width:100%;max-height:100%;width:auto;height:auto}.ab-feed .ab-card.ab-classic-card.with-image .ab-title{background-color:transparent;font-size:16px}.ab-feed .ab-card.ab-classic-card.with-image .ab-description{padding-top:10px}.ab-feed .ab-card.ab-control-card{height:0;width:0;margin:0;border:0}.ab-feed .ab-feed-buttons-wrapper{float:none;position:relative;background-color:#282828;height:50px;-webkit-box-shadow:0 2px 3px 0 rgba(178,178,178,.5);-moz-box-shadow:0 2px 3px 0 rgba(178,178,178,.5);box-shadow:0 2px 3px 0 rgba(178,178,178,.5);z-index:1}.ab-feed .ab-feed-buttons-wrapper .ab-close-button,.ab-feed .ab-feed-buttons-wrapper .ab-refresh-button{float:none;cursor:pointer;color:#fff;font-size:18px;padding:16px;-webkit-transition:.2s;-moz-transition:.2s;-o-transition:.2s;transition:.2s}.ab-feed .ab-feed-buttons-wrapper .ab-close-button:hover,.ab-feed .ab-feed-buttons-wrapper .ab-refresh-button:hover{font-size:22px}.ab-feed .ab-feed-buttons-wrapper .ab-close-button{float:right}.ab-feed .ab-feed-buttons-wrapper .ab-close-button:hover{padding-top:12px;padding-right:14px}.ab-feed .ab-feed-buttons-wrapper .ab-refresh-button{padding-left:17px}.ab-feed .ab-feed-buttons-wrapper .ab-refresh-button:hover{padding-top:13px;padding-left:14px}.ab-feed .ab-no-cards-message{text-align:center;margin-bottom:20px}@media (max-width:600px){body>.ab-feed{width:100%}}</style><meta name="robots" data-react-helmet="true" content="index,follow"></head><body style=""><noscript>
      <iframe src="https://www.googletagmanager.com/ns.html?id=GTM-TW8FHV7&gtm_auth=&gtm_preview=&gtm_cookies_win=x"
        height="0" width="0" style="display:none;visibility:hidden" id="tag-manager"></iframe></noscript><script>var globalVar=globalVar||{},referURL=document.referrer;function isIE(){var e=window.navigator.userAgent;return-1!==e.indexOf("MSIE")||-1!==e.indexOf("Trident/")}function redirectToAffiliateURL(){if(isIE()){var e=document.createElement("iframe");e.setAttribute("width","100%"),e.setAttribute("height","1000"),e.setAttribute("frameborder","0"),e.setAttribute("scrolling","no"),e.src="/IECheck",document.body.appendChild(e);setTimeout((function(){var e=""!==referURL?referURL:window.location.href;window.location="microsoft-edge:"+e}),500)}else document.addEventListener("touchstart",(function(e){e.touches.length>1&&e.preventDefault()}),!1)}function HplusAffiliate(){var e=globalVar.getCookie("HplusAffiliate"),t=decodeURIComponent(e||"null");return JSON.parse(t)||{channelId:""}}globalVar.getCookie=function(e){for(var t=document.cookie.split("; "),a=0;a<t.length;a++){var l=t[a].split("="),n=l[0],i=l[1];if(n===e)return i}return null},redirectToAffiliateURL();var domainType=globalVar.getCookie("domainType");if("pc"===domainType){var scriptElement=document.createElement("script");if("1000003"===HplusAffiliate().channelId){scriptElement.src="https://allthatcdn.aws.shinhancard.com/conts/partners/header/allthat.js",document.head.appendChild(scriptElement);var divElement=document.createElement("div");divElement.id="allthat",document.body.appendChild(divElement)}else if("1000032"===HplusAffiliate().channelId){scriptElement.src="https://lifes.kbcard.com/cxl/js/pc2018/common/js/partner_gnb_A_UTF.js",document.head.appendChild(scriptElement);var iframeElement=document.createElement("iframe");iframeElement.src="https://lifes.kbcard.com/CXLRICOC0006.cms",document.body.appendChild(iframeElement)}else if("1000033"===HplusAffiliate().channelId){var html="";html+='<div class="samsungcard-header-wrapper">',html+='   <div class="header-box">',html+='       <h1 class="logo">',html+='           <span><a href="javascript:location.href="http://mallinmall.samsungcard.com/" target="_top">SAMSUNG CARD 국내제휴몰</a></span>',html+='           <em class="point-on">포인트적립 가능</em>',html+="       </h1>",html+='       <ul class="links-shp">',html+='           <li><a href="http://shopping.samsungcard.com/" target="_blank">삼성카드 쇼핑</a></li>',html+="       </ul>",html+="   </div>",html+='   <div class="description"><p>삼성카드 쇼핑은 통신판매 중개자로서, 아래 매장은 <em>해당 쇼핑몰의 책임하에 운영</em>되고 있습니다.</p></div>',html+="</div>",document.write(html)}}</script><div id="root"><div id="site-wrapper" class="site-wrapper scrollUp"><div class="css-e6gi12"><header class="css-rzovi0"><div class="menu-pos-left"><div class="header-left-info-menu"><div class="header-left-info-menu__item"><span>로그인</span></div><div class="header-left-info-menu__item"><span>회원가입</span></div><div class="header-left-info-menu__item"><span>최근 본 상품</span></div><div class="header-left-info-menu__item"><div class="userWrap"><span>고객센터</span></div></div></div></div></header><header class="css-1ag5g7x"><div class="headerInner"><h1 class="logo"><a title="" class="" href="https://mfront.homeplus.co.kr/"><img src="../../../../../Downloads/homeplus_files/default_logo.svg" alt="홈플러스"></a></h1><div class="deliverTypeLink"><div class="css-25r4o2"><nav class="stateBox" data-status="mart" aria-label="마트직송/즉시배송 전환"><ul class="stateMenu"><li class="stateMenIn"><a href="https://mfront.homeplus.co.kr/" class="stateText" data-type="mart" aria-selected="true">마트직송</a></li><li class="stateMenIn"><a href="https://mfront.homeplus.co.kr/express" class="stateText" data-type="express" aria-selected="false">즉시배송</a></li></ul></nav></div></div><div class="mainSearchBox css-8jhnqf"><div class="css-9muyqw"><form novalidate=""><div class=" css-1alq6pu"><input type="search" class="wordInput css-r4ghzr" name="keyword" autocomplete="off" placeholder="검색어를 입력하세요" aria-label="검색" required="" value="감자"><button type="reset" class="wordDel" aria-label="검색어 삭제"></button></div><button type="submit" class="submitButton css-jz8emh" aria-label="검색"></button></form></div></div><div class="headerLink"><button class="icon-box"><i class="btn icon-favorite"></i><span>자주구매</span></button><button class="icon-box"><i class="btn icon-cart"></i><span>장바구니</span></button><button class="icon-box"><i class="btn icon-profile"></i><span>마이페이지</span></button></div></div></header><div class="css-1008hxd"><div class="css-r75dz8"><div class="css-md7c2q"><a title="" class="css-1wb2quk" href="https://mfront.homeplus.co.kr/category/map"><span class="ctg-txt">카테고리</span></a><div class="css-m4tosi"><h2 class="css-3ty9yv">sub navigation</h2><div class="headerMenuArea"><h3>전체메뉴</h3><div class=" css-qm1ds0"><div class="h-scroll-drag-wrap css-jy4ifn" style="padding: 0px; width: calc(100% - 38px);"><a title="" class="item gnb-884 gnb" href="https://mfront.homeplus.co.kr/exhibit?promoNo=14118"><span>신상품</span></a><a title="" class="item gnb-19 gnb" href="https://mfront.homeplus.co.kr/best"><span>베스트</span></a><a title="" class="item gnb-207 gnb" href="https://mfront.homeplus.co.kr/leaflet"><span>전단행사</span></a><a title="" class="item gnb-856 gnb" href="https://mfront.homeplus.co.kr/exhibit?promoNo=13490"><span>메가푸드마켓</span></a><a title="" class="item gnb-209 gnb" href="https://mfront.homeplus.co.kr/seller"><span>택배배송</span></a><a title="" class="item gnb-637 gnb" href="https://mfront.homeplus.co.kr/exhibit?promoNo=2214"><span>단독특가</span></a><a title="" class="item gnb-850 gnb" href="https://mfront.homeplus.co.kr/easypickup"><span>주류이지픽업</span></a><a title="" class="item gnb-23 gnb" href="https://mfront.homeplus.co.kr/mall"><span>기획전</span></a><a title="" class="item gnb-526 gnb" href="https://mfront.homeplus.co.kr/eventcoupon"><span>이벤트/쿠폰</span></a></div></div></div></div></div><div class="css-19q0brl-stickyCategoryWrapper"><div class="css-1hhm79p"><div class="category-nav-layout"><div class="category-list L"><ul class="category-item-list-wrap" role="tree"><li id="cat1" role="treeItem" aria-selected="true"><button type="button" class="category-text text-hover" style="cursor: default;">과일<i class="linkIcon css-1vq551t"><b class="css-o9vq2t">해당 카테고리 이동</b></i></button></li><li id="cat2" role="treeItem" aria-selected="false"><button type="button" class="category-text " style="cursor: default;">쌀/잡곡</button></li><li id="cat3" role="treeItem" aria-selected="false"><button type="button" class="category-text " style="cursor: default;">채소</button></li><li id="cat4" role="treeItem" aria-selected="false"><button type="button" class="category-text " style="cursor: default;">견과</button></li><li id="cat5" role="treeItem" aria-selected="false"><button type="button" class="category-text " style="cursor: default;">수산물/건어물</button></li><li id="cat6" role="treeItem" aria-selected="false"><button type="button" class="category-text " style="cursor: default;">정육/계란</button></li><li id="cat7" role="treeItem" aria-selected="false"><button type="button" class="category-text " style="cursor: default;">친환경/유기농</button></li><li id="cat8" role="treeItem" aria-selected="false"><button type="button" class="category-text " style="cursor: default;">델리/치킨/초밥</button></li><li id="cat9" role="treeItem" aria-selected="false"><button type="button" class="category-text " style="cursor: default;">우유/유제품</button></li><li id="cat10" role="treeItem" aria-selected="false"><button type="button" class="category-text " style="cursor: default;">냉장/냉동/밀키트</button></li><li id="cat11" role="treeItem" aria-selected="false"><button type="button" class="category-text " style="cursor: default;">두부/김치/반찬</button></li><li id="cat12" role="treeItem" aria-selected="false"><button type="button" class="category-text " style="cursor: default;">커피/차</button></li><li id="cat13" role="treeItem" aria-selected="false"><button type="button" class="category-text " style="cursor: default;">생수/음료</button></li><li id="cat30" role="treeItem" aria-selected="false"><button type="button" class="category-text " style="cursor: default;">주류이지픽업</button></li><li id="cat14" role="treeItem" aria-selected="false"><button type="button" class="category-text " style="cursor: default;">과자/시리얼</button></li><li id="cat15" role="treeItem" aria-selected="false"><button type="button" class="category-text " style="cursor: default;">베이커리/잼</button></li><li id="cat16" role="treeItem" aria-selected="false"><button type="button" class="category-text " style="cursor: default;">라면/즉석식품/통조림</button></li><li id="cat17" role="treeItem" aria-selected="false"><button type="button" class="category-text " style="cursor: default;">장류/양념/제빵</button></li><li id="cat18" role="treeItem" aria-selected="false"><button type="button" class="category-text " style="cursor: default;">세탁/청소/욕실</button></li><li id="cat19" role="treeItem" aria-selected="false"><button type="button" class="category-text " style="cursor: default;">제지/위생/뷰티</button></li><li id="cat20" role="treeItem" aria-selected="false"><button type="button" class="category-text " style="cursor: default;">건강식품</button></li><li id="cat21" role="treeItem" aria-selected="false"><button type="button" class="category-text " style="cursor: default;">반려동물</button></li><li id="cat22" role="treeItem" aria-selected="false"><button type="button" class="category-text " style="cursor: default;">유아동/완구</button></li><li id="cat23" role="treeItem" aria-selected="false"><button type="button" class="category-text " style="cursor: default;">주방용품</button></li><li id="cat24" role="treeItem" aria-selected="false"><button type="button" class="category-text " style="cursor: default;">리빙/인테리어</button></li><li id="cat25" role="treeItem" aria-selected="false"><button type="button" class="category-text " style="cursor: default;">패션의류/잡화</button></li><li id="cat26" role="treeItem" aria-selected="false"><button type="button" class="category-text " style="cursor: default;">문구/취미용품</button></li><li id="cat27" role="treeItem" aria-selected="false"><button type="button" class="category-text " style="cursor: default;">가전/디지털</button></li><li id="cat29" role="treeItem" aria-selected="false"><button type="button" class="category-text " style="cursor: default;">자동차/레저</button></li><li id="cat28" role="treeItem" aria-selected="false"><button type="button" class="category-text " style="cursor: default;">E쿠폰/여행</button></li></ul></div><div class="category-list M"><ul role="group" aria-labelledby="cat1" class="category-item-list-wrap show"><li id="cat200009" aria-selected="true"><a title="" class="category-text text-hover" href="https://mfront.homeplus.co.kr/list?categoryDepth=2&amp;categoryId=200009">사과/배<i class="linkIcon css-1vq551t"><b class="css-o9vq2t">해당 카테고리 이동</b></i></a></li><li id="cat200002" aria-selected="false"><a title="" class="category-text " href="https://mfront.homeplus.co.kr/list?categoryDepth=2&amp;categoryId=200002">감귤/만감류</a></li><li id="cat200013" aria-selected="false"><a title="" class="category-text " href="https://mfront.homeplus.co.kr/list?categoryDepth=2&amp;categoryId=200013">토마토</a></li><li id="cat200006" aria-selected="false"><a title="" class="category-text " href="https://mfront.homeplus.co.kr/list?categoryDepth=2&amp;categoryId=200006">딸기/체리/블루베리</a></li><li id="cat200001" aria-selected="false"><a title="" class="category-text " href="https://mfront.homeplus.co.kr/list?categoryDepth=2&amp;categoryId=200001">감/홍시/곶감/밤 </a></li><li id="cat200010" aria-selected="false"><a title="" class="category-text " href="https://mfront.homeplus.co.kr/list?categoryDepth=2&amp;categoryId=200010">수박/메론/참외</a></li><li id="cat200014" aria-selected="false"><a title="" class="category-text " href="https://mfront.homeplus.co.kr/list?categoryDepth=2&amp;categoryId=200014">포도/자두/복숭아</a></li><li id="cat200008" aria-selected="false"><a title="" class="category-text " href="https://mfront.homeplus.co.kr/list?categoryDepth=2&amp;categoryId=200008">바나나/파인애플</a></li><li id="cat200011" aria-selected="false"><a title="" class="category-text " href="https://mfront.homeplus.co.kr/list?categoryDepth=2&amp;categoryId=200011">오렌지/자몽/레몬</a></li><li id="cat200012" aria-selected="false"><a title="" class="category-text " href="https://mfront.homeplus.co.kr/list?categoryDepth=2&amp;categoryId=200012">키위/석류/아보카도</a></li><li id="cat200007" aria-selected="false"><a title="" class="category-text " href="https://mfront.homeplus.co.kr/list?categoryDepth=2&amp;categoryId=200007">망고/열대과일</a></li><li id="cat200004" aria-selected="false"><a title="" class="category-text " href="https://mfront.homeplus.co.kr/list?categoryDepth=2&amp;categoryId=200004">기타 과일</a></li><li id="cat200003" aria-selected="false"><a title="" class="category-text " href="https://mfront.homeplus.co.kr/list?categoryDepth=2&amp;categoryId=200003">과일세트/바구니</a></li><li id="cat200005" aria-selected="false"><a title="" class="category-text " href="https://mfront.homeplus.co.kr/list?categoryDepth=2&amp;categoryId=200005">냉동/건조/간편과일</a></li></ul><ul role="group" aria-labelledby="cat2" class="category-item-list-wrap hide"><li id="cat200015" aria-selected="false"><a title="" class="category-text " href="https://mfront.homeplus.co.kr/list?categoryDepth=2&amp;categoryId=200015">백미</a></li><li id="cat200017" aria-selected="false"><a title="" class="category-text " href="https://mfront.homeplus.co.kr/list?categoryDepth=2&amp;categoryId=200017">찹쌀/현미/흑미</a></li><li id="cat200019" aria-selected="false"><a title="" class="category-text " href="https://mfront.homeplus.co.kr/list?categoryDepth=2&amp;categoryId=200019">혼합곡/수입잡곡</a></li><li id="cat200016" aria-selected="false"><a title="" class="category-text " href="https://mfront.homeplus.co.kr/list?categoryDepth=2&amp;categoryId=200016">수수/조/깨</a></li><li id="cat200018" aria-selected="false"><a title="" class="category-text " href="https://mfront.homeplus.co.kr/list?categoryDepth=2&amp;categoryId=200018">콩/팥/보리/귀리</a></li></ul><ul role="group" aria-labelledby="cat3" class="category-item-list-wrap hide"><li id="cat200021" aria-selected="false"><a title="" class="category-text " href="https://mfront.homeplus.co.kr/list?categoryDepth=2&amp;categoryId=200021">고구마/감자</a></li><li id="cat200030" aria-selected="false"><a title="" class="category-text " href="https://mfront.homeplus.co.kr/list?categoryDepth=2&amp;categoryId=200030">양파/마늘/파/생강</a></li><li id="cat200023" aria-selected="false"><a title="" class="category-text " href="https://mfront.homeplus.co.kr/list?categoryDepth=2&amp;categoryId=200023">당근/우엉/연근/마</a></li><li id="cat200031" aria-selected="false"><a title="" class="category-text " href="https://mfront.homeplus.co.kr/list?categoryDepth=2&amp;categoryId=200031">오이/가지/호박/옥수수</a></li><li id="cat200033" aria-selected="false"><a title="" class="category-text " href="https://mfront.homeplus.co.kr/list?categoryDepth=2&amp;categoryId=200033">파프리카/브로콜리/피망</a></li><li id="cat200029" aria-selected="false"><a title="" class="category-text " href="https://mfront.homeplus.co.kr/list?categoryDepth=2&amp;categoryId=200029">양배추/양상추/샐러리/기타</a></li><li id="cat200027" aria-selected="false"><a title="" class="category-text " href="https://mfront.homeplus.co.kr/list?categoryDepth=2&amp;categoryId=200027">상추/깻잎/쌈채소/고추</a></li><li id="cat200025" aria-selected="false"><a title="" class="category-text " href="https://mfront.homeplus.co.kr/list?categoryDepth=2&amp;categoryId=200025">배추/무/김장채소</a></li><li id="cat200026" aria-selected="false"><a title="" class="category-text " href="https://mfront.homeplus.co.kr/list?categoryDepth=2&amp;categoryId=200026">버섯</a></li><li id="cat200024" aria-selected="false"><a title="" class="category-text " href="https://mfront.homeplus.co.kr/list?categoryDepth=2&amp;categoryId=200024">반찬채소(시금치/생나물)</a></li><li id="cat200022" aria-selected="false"><a title="" class="category-text " href="https://mfront.homeplus.co.kr/list?categoryDepth=2&amp;categoryId=200022">나물/해초</a></li><li id="cat200028" aria-selected="false"><a title="" class="category-text " href="https://mfront.homeplus.co.kr/list?categoryDepth=2&amp;categoryId=200028">샐러드/드레싱/편이채소 </a></li><li id="cat200020" aria-selected="false"><a title="" class="category-text " href="https://mfront.homeplus.co.kr/list?categoryDepth=2&amp;categoryId=200020">건채소/기타</a></li><li id="cat200032" aria-selected="false"><a title="" class="category-text " href="https://mfront.homeplus.co.kr/list?categoryDepth=2&amp;categoryId=200032">인삼/더덕/약선재료</a></li></ul><ul role="group" aria-labelledby="cat4" class="category-item-list-wrap hide"><li id="cat200034" aria-selected="false"><a title="" class="category-text " href="https://mfront.homeplus.co.kr/list?categoryDepth=2&amp;categoryId=200034">곡물가공/건강분말</a></li><li id="cat200039" aria-selected="false"><a title="" class="category-text " href="https://mfront.homeplus.co.kr/list?categoryDepth=2&amp;categoryId=200039">아몬드/호두/땅콩</a></li><li id="cat200040" aria-selected="false"><a title="" class="category-text " href="https://mfront.homeplus.co.kr/list?categoryDepth=2&amp;categoryId=200040">캐슈넛/피스타치오</a></li><li id="cat200036" aria-selected="false"><a title="" class="category-text " href="https://mfront.homeplus.co.kr/list?categoryDepth=2&amp;categoryId=200036">브라질넛/마카다미아</a></li><li id="cat200035" aria-selected="false"><a title="" class="category-text " href="https://mfront.homeplus.co.kr/list?categoryDepth=2&amp;categoryId=200035">믹스넛/하루견과</a></li><li id="cat200038" aria-selected="false"><a title="" class="category-text " href="https://mfront.homeplus.co.kr/list?categoryDepth=2&amp;categoryId=200038">씨앗/잣/견과스낵</a></li><li id="cat200037" aria-selected="false"><a title="" class="category-text " href="https://mfront.homeplus.co.kr/list?categoryDepth=2&amp;categoryId=200037">선물세트</a></li></ul><ul role="group" aria-labelledby="cat5" class="category-item-list-wrap hide"><li id="cat200044" aria-selected="false"><a title="" class="category-text " href="https://mfront.homeplus.co.kr/list?categoryDepth=2&amp;categoryId=200044">생선</a></li><li id="cat200047" aria-selected="false"><a title="" class="category-text " href="https://mfront.homeplus.co.kr/list?categoryDepth=2&amp;categoryId=200047">연체갑각류</a></li><li id="cat200046" aria-selected="false"><a title="" class="category-text " href="https://mfront.homeplus.co.kr/list?categoryDepth=2&amp;categoryId=200046">어패류</a></li><li id="cat200042" aria-selected="false"><a title="" class="category-text " href="https://mfront.homeplus.co.kr/list?categoryDepth=2&amp;categoryId=200042">건오징어/건어물/다시팩</a></li><li id="cat200043" aria-selected="false"><a title="" class="category-text " href="https://mfront.homeplus.co.kr/list?categoryDepth=2&amp;categoryId=200043">김/미역/기타해조류</a></li><li id="cat200041" aria-selected="false"><a title="" class="category-text " href="https://mfront.homeplus.co.kr/list?categoryDepth=2&amp;categoryId=200041">간편/냉동수산물</a></li></ul><ul role="group" aria-labelledby="cat6" class="category-item-list-wrap hide"><li id="cat200055" aria-selected="false"><a title="" class="category-text " href="https://mfront.homeplus.co.kr/list?categoryDepth=2&amp;categoryId=200055">한우</a></li><li id="cat200049" aria-selected="false"><a title="" class="category-text " href="https://mfront.homeplus.co.kr/list?categoryDepth=2&amp;categoryId=200049">닭/오리고기</a></li><li id="cat200050" aria-selected="false"><a title="" class="category-text " href="https://mfront.homeplus.co.kr/list?categoryDepth=2&amp;categoryId=200050">돼지고기</a></li><li id="cat200051" aria-selected="false"><a title="" class="category-text " href="https://mfront.homeplus.co.kr/list?categoryDepth=2&amp;categoryId=200051">수입육</a></li><li id="cat200048" aria-selected="false"><a title="" class="category-text " href="https://mfront.homeplus.co.kr/list?categoryDepth=2&amp;categoryId=200048">계란/알류</a></li><li id="cat200052" aria-selected="false"><a title="" class="category-text " href="https://mfront.homeplus.co.kr/list?categoryDepth=2&amp;categoryId=200052">양념육/가공육</a></li><li id="cat200054" aria-selected="false"><a title="" class="category-text " href="https://mfront.homeplus.co.kr/list?categoryDepth=2&amp;categoryId=200054">축산선물세트</a></li></ul><ul role="group" aria-labelledby="cat7" class="category-item-list-wrap hide"><li id="cat200083" aria-selected="false"><a title="" class="category-text " href="https://mfront.homeplus.co.kr/list?categoryDepth=2&amp;categoryId=200083">과일/채소</a></li><li id="cat200086" aria-selected="false"><a title="" class="category-text " href="https://mfront.homeplus.co.kr/list?categoryDepth=2&amp;categoryId=200086">쌀/잡곡</a></li></ul><ul role="group" aria-labelledby="cat8" class="category-item-list-wrap hide"><li id="cat200117" aria-selected="false"><a title="" class="category-text " href="https://mfront.homeplus.co.kr/list?categoryDepth=2&amp;categoryId=200117">초밥/김밥</a></li><li id="cat200118" aria-selected="false"><a title="" class="category-text " href="https://mfront.homeplus.co.kr/list?categoryDepth=2&amp;categoryId=200118">치킨/튀김/구이</a></li><li id="cat200116" aria-selected="false"><a title="" class="category-text " href="https://mfront.homeplus.co.kr/list?categoryDepth=2&amp;categoryId=200116">샌드위치/사이드메뉴</a></li></ul><ul role="group" aria-labelledby="cat9" class="category-item-list-wrap hide"><li id="cat200059" aria-selected="false"><a title="" class="category-text " href="https://mfront.homeplus.co.kr/list?categoryDepth=2&amp;categoryId=200059">우유</a></li><li id="cat200058" aria-selected="false"><a title="" class="category-text " href="https://mfront.homeplus.co.kr/list?categoryDepth=2&amp;categoryId=200058">요거트/요구르트</a></li><li id="cat200057" aria-selected="false"><a title="" class="category-text " href="https://mfront.homeplus.co.kr/list?categoryDepth=2&amp;categoryId=200057">두유</a></li><li id="cat200060" aria-selected="false"><a title="" class="category-text " href="https://mfront.homeplus.co.kr/list?categoryDepth=2&amp;categoryId=200060">치즈/버터</a></li><li id="cat200056" aria-selected="false"><a title="" class="category-text " href="https://mfront.homeplus.co.kr/list?categoryDepth=2&amp;categoryId=200056">냉장디저트/음료</a></li></ul><ul role="group" aria-labelledby="cat10" class="category-item-list-wrap hide"><li id="cat200070" aria-selected="false"><a title="" class="category-text " href="https://mfront.homeplus.co.kr/list?categoryDepth=2&amp;categoryId=200070">돈까스/떡갈비/너겟</a></li><li id="cat200669" aria-selected="false"><a title="" class="category-text " href="https://mfront.homeplus.co.kr/list?categoryDepth=2&amp;categoryId=200669">피자/핫도그/치킨</a></li><li id="cat200069" aria-selected="false"><a title="" class="category-text " href="https://mfront.homeplus.co.kr/list?categoryDepth=2&amp;categoryId=200069">냉동밥/죽/스프</a></li><li id="cat200670" aria-selected="false"><a title="" class="category-text " href="https://mfront.homeplus.co.kr/list?categoryDepth=2&amp;categoryId=200670">떡볶이/면류</a></li><li id="cat200071" aria-selected="false"><a title="" class="category-text " href="https://mfront.homeplus.co.kr/list?categoryDepth=2&amp;categoryId=200071">밀키트</a></li><li id="cat200671" aria-selected="false"><a title="" class="category-text " href="https://mfront.homeplus.co.kr/list?categoryDepth=2&amp;categoryId=200671">전/볶음/국탕</a></li><li id="cat200072" aria-selected="false"><a title="" class="category-text " href="https://mfront.homeplus.co.kr/list?categoryDepth=2&amp;categoryId=200072">만두</a></li><li id="cat200097" aria-selected="false"><a title="" class="category-text " href="https://mfront.homeplus.co.kr/list?categoryDepth=2&amp;categoryId=200097">아이스크림/디저트/얼음</a></li></ul><ul role="group" aria-labelledby="cat11" class="category-item-list-wrap hide"><li id="cat200063" aria-selected="false"><a title="" class="category-text " href="https://mfront.homeplus.co.kr/list?categoryDepth=2&amp;categoryId=200063">두부/나물</a></li><li id="cat200068" aria-selected="false"><a title="" class="category-text " href="https://mfront.homeplus.co.kr/list?categoryDepth=2&amp;categoryId=200068">햄/소시지</a></li><li id="cat200067" aria-selected="false"><a title="" class="category-text " href="https://mfront.homeplus.co.kr/list?categoryDepth=2&amp;categoryId=200067">유부초밥/김밥재료</a></li><li id="cat200066" aria-selected="false"><a title="" class="category-text " href="https://mfront.homeplus.co.kr/list?categoryDepth=2&amp;categoryId=200066">어묵/맛살/단무지</a></li><li id="cat200064" aria-selected="false"><a title="" class="category-text " href="https://mfront.homeplus.co.kr/list?categoryDepth=2&amp;categoryId=200064">반찬/젓갈</a></li><li id="cat200061" aria-selected="false"><a title="" class="category-text " href="https://mfront.homeplus.co.kr/list?categoryDepth=2&amp;categoryId=200061">김치</a></li><li id="cat200062" aria-selected="false"><a title="" class="category-text " href="https://mfront.homeplus.co.kr/list?categoryDepth=2&amp;categoryId=200062">냉장소스/냉장장류</a></li></ul><ul role="group" aria-labelledby="cat12" class="category-item-list-wrap hide"><li id="cat200114" aria-selected="false"><a title="" class="category-text " href="https://mfront.homeplus.co.kr/list?categoryDepth=2&amp;categoryId=200114">커피믹스</a></li><li id="cat200110" aria-selected="false"><a title="" class="category-text " href="https://mfront.homeplus.co.kr/list?categoryDepth=2&amp;categoryId=200110">원두커피/캡슐커피</a></li><li id="cat200108" aria-selected="false"><a title="" class="category-text " href="https://mfront.homeplus.co.kr/list?categoryDepth=2&amp;categoryId=200108">드립백/더치커피</a></li><li id="cat200106" aria-selected="false"><a title="" class="category-text " href="https://mfront.homeplus.co.kr/list?categoryDepth=2&amp;categoryId=200106">커피음료</a></li><li id="cat200107" aria-selected="false"><a title="" class="category-text " href="https://mfront.homeplus.co.kr/list?categoryDepth=2&amp;categoryId=200107">녹차/보리차/기타차</a></li><li id="cat200111" aria-selected="false"><a title="" class="category-text " href="https://mfront.homeplus.co.kr/list?categoryDepth=2&amp;categoryId=200111">전통차/액상차/꿀</a></li><li id="cat200115" aria-selected="false"><a title="" class="category-text " href="https://mfront.homeplus.co.kr/list?categoryDepth=2&amp;categoryId=200115">코코아/핫초코</a></li></ul><ul role="group" aria-labelledby="cat13" class="category-item-list-wrap hide"><li id="cat200100" aria-selected="false"><a title="" class="category-text " href="https://mfront.homeplus.co.kr/list?categoryDepth=2&amp;categoryId=200100">생수/탄산수</a></li><li id="cat200104" aria-selected="false"><a title="" class="category-text " href="https://mfront.homeplus.co.kr/list?categoryDepth=2&amp;categoryId=200104">과일/야채음료</a></li><li id="cat200105" aria-selected="false"><a title="" class="category-text " href="https://mfront.homeplus.co.kr/list?categoryDepth=2&amp;categoryId=200105">탄산/이온/비타민음료</a></li><li id="cat200102" aria-selected="false"><a title="" class="category-text " href="https://mfront.homeplus.co.kr/list?categoryDepth=2&amp;categoryId=200102">전통/차/기타음료</a></li><li id="cat200103" aria-selected="false"><a title="" class="category-text " href="https://mfront.homeplus.co.kr/list?categoryDepth=2&amp;categoryId=200103">전통주</a></li></ul><ul role="group" aria-labelledby="cat30" class="category-item-list-wrap hide"><li id="cat200678" aria-selected="false"><a title="" class="category-text " href="https://mfront.homeplus.co.kr/list?categoryDepth=2&amp;categoryId=200678">와인</a></li><li id="cat200679" aria-selected="false"><a title="" class="category-text " href="https://mfront.homeplus.co.kr/list?categoryDepth=2&amp;categoryId=200679">위스키</a></li></ul><ul role="group" aria-labelledby="cat14" class="category-item-list-wrap hide"><li id="cat200095" aria-selected="false"><a title="" class="category-text " href="https://mfront.homeplus.co.kr/list?categoryDepth=2&amp;categoryId=200095">과자/쿠키/파이</a></li><li id="cat200127" aria-selected="false"><a title="" class="category-text " href="https://mfront.homeplus.co.kr/list?categoryDepth=2&amp;categoryId=200127">떡/한과/전통과자</a></li><li id="cat200098" aria-selected="false"><a title="" class="category-text " href="https://mfront.homeplus.co.kr/list?categoryDepth=2&amp;categoryId=200098">시리얼/간식류소시지</a></li><li id="cat200099" aria-selected="false"><a title="" class="category-text " href="https://mfront.homeplus.co.kr/list?categoryDepth=2&amp;categoryId=200099">초콜릿/캔디/젤리/껌</a></li></ul><ul role="group" aria-labelledby="cat15" class="category-item-list-wrap hide"><li id="cat200123" aria-selected="false"><a title="" class="category-text " href="https://mfront.homeplus.co.kr/list?categoryDepth=2&amp;categoryId=200123">식빵/모닝롤/베이글</a></li><li id="cat200126" aria-selected="false"><a title="" class="category-text " href="https://mfront.homeplus.co.kr/list?categoryDepth=2&amp;categoryId=200126">케이크/머핀/쿠키</a></li><li id="cat200122" aria-selected="false"><a title="" class="category-text " href="https://mfront.homeplus.co.kr/list?categoryDepth=2&amp;categoryId=200122">베이커리생지/냉동생지</a></li><li id="cat200124" aria-selected="false"><a title="" class="category-text " href="https://mfront.homeplus.co.kr/list?categoryDepth=2&amp;categoryId=200124">기타 빵류</a></li><li id="cat200125" aria-selected="false"><a title="" class="category-text " href="https://mfront.homeplus.co.kr/list?categoryDepth=2&amp;categoryId=200125">잼/스프레드</a></li></ul><ul role="group" aria-labelledby="cat16" class="category-item-list-wrap hide"><li id="cat200091" aria-selected="false"><a title="" class="category-text " href="https://mfront.homeplus.co.kr/list?categoryDepth=2&amp;categoryId=200091">라면/수입면류</a></li><li id="cat200089" aria-selected="false"><a title="" class="category-text " href="https://mfront.homeplus.co.kr/list?categoryDepth=2&amp;categoryId=200089">당면/건면/스파게티</a></li><li id="cat200093" aria-selected="false"><a title="" class="category-text " href="https://mfront.homeplus.co.kr/list?categoryDepth=2&amp;categoryId=200093">즉석식품/누룽지/죽</a></li><li id="cat200094" aria-selected="false"><a title="" class="category-text " href="https://mfront.homeplus.co.kr/list?categoryDepth=2&amp;categoryId=200094">카레/짜장</a></li><li id="cat200092" aria-selected="false"><a title="" class="category-text " href="https://mfront.homeplus.co.kr/list?categoryDepth=2&amp;categoryId=200092">참치/스팸/축수산통조림</a></li><li id="cat200090" aria-selected="false"><a title="" class="category-text " href="https://mfront.homeplus.co.kr/list?categoryDepth=2&amp;categoryId=200090">옥수수/피클/과일통조림</a></li></ul><ul role="group" aria-labelledby="cat17" class="category-item-list-wrap hide"><li id="cat200074" aria-selected="false"><a title="" class="category-text " href="https://mfront.homeplus.co.kr/list?categoryDepth=2&amp;categoryId=200074">고추장/된장/쌈장/간장</a></li><li id="cat200081" aria-selected="false"><a title="" class="category-text " href="https://mfront.homeplus.co.kr/list?categoryDepth=2&amp;categoryId=200081">소스</a></li><li id="cat200661" aria-selected="false"><a title="" class="category-text " href="https://mfront.homeplus.co.kr/list?categoryDepth=2&amp;categoryId=200661">케찹/마요네즈</a></li><li id="cat200077" aria-selected="false"><a title="" class="category-text " href="https://mfront.homeplus.co.kr/list?categoryDepth=2&amp;categoryId=200077">밀가루/분말류</a></li><li id="cat200078" aria-selected="false"><a title="" class="category-text " href="https://mfront.homeplus.co.kr/list?categoryDepth=2&amp;categoryId=200078">소금/설탕</a></li><li id="cat200073" aria-selected="false"><a title="" class="category-text " href="https://mfront.homeplus.co.kr/list?categoryDepth=2&amp;categoryId=200073">고추가루/깨/향신료</a></li><li id="cat200076" aria-selected="false"><a title="" class="category-text " href="https://mfront.homeplus.co.kr/list?categoryDepth=2&amp;categoryId=200076">다시다/미원/맛소금</a></li><li id="cat200080" aria-selected="false"><a title="" class="category-text " href="https://mfront.homeplus.co.kr/list?categoryDepth=2&amp;categoryId=200080">식초/물엿/맛술/액젓</a></li><li id="cat200079" aria-selected="false"><a title="" class="category-text " href="https://mfront.homeplus.co.kr/list?categoryDepth=2&amp;categoryId=200079">식용유/참기름</a></li><li id="cat200082" aria-selected="false"><a title="" class="category-text " href="https://mfront.homeplus.co.kr/list?categoryDepth=2&amp;categoryId=200082">시럽/제빵믹스</a></li></ul><ul role="group" aria-labelledby="cat18" class="category-item-list-wrap hide"><li id="cat200132" aria-selected="false"><a title="" class="category-text " href="https://mfront.homeplus.co.kr/list?categoryDepth=2&amp;categoryId=200132">세탁세제/섬유유연제</a></li><li id="cat200133" aria-selected="false"><a title="" class="category-text " href="https://mfront.homeplus.co.kr/list?categoryDepth=2&amp;categoryId=200133">세탁용품</a></li><li id="cat200135" aria-selected="false"><a title="" class="category-text " href="https://mfront.homeplus.co.kr/list?categoryDepth=2&amp;categoryId=200135">주방/청소용 세제</a></li><li id="cat200134" aria-selected="false"><a title="" class="category-text " href="https://mfront.homeplus.co.kr/list?categoryDepth=2&amp;categoryId=200134">에어컨/세탁기/기타</a></li><li id="cat200131" aria-selected="false"><a title="" class="category-text " href="https://mfront.homeplus.co.kr/list?categoryDepth=2&amp;categoryId=200131">방향/제습/탈취/방충</a></li><li id="cat200136" aria-selected="false"><a title="" class="category-text " href="https://mfront.homeplus.co.kr/list?categoryDepth=2&amp;categoryId=200136">청소용품/휴지통</a></li><li id="cat200146" aria-selected="false"><a title="" class="category-text " href="https://mfront.homeplus.co.kr/list?categoryDepth=2&amp;categoryId=200146">욕실용품</a></li></ul><ul role="group" aria-labelledby="cat19" class="category-item-list-wrap hide"><li id="cat200130" aria-selected="false"><a title="" class="category-text " href="https://mfront.homeplus.co.kr/list?categoryDepth=2&amp;categoryId=200130">화장지/물티슈</a></li><li id="cat200129" aria-selected="false"><a title="" class="category-text " href="https://mfront.homeplus.co.kr/list?categoryDepth=2&amp;categoryId=200129">생리대/성인위생</a></li><li id="cat200150" aria-selected="false"><a title="" class="category-text " href="https://mfront.homeplus.co.kr/list?categoryDepth=2&amp;categoryId=200150">마스크/렌즈/의약품</a></li><li id="cat200139" aria-selected="false"><a title="" class="category-text " href="https://mfront.homeplus.co.kr/list?categoryDepth=2&amp;categoryId=200139">페이스/구강용품</a></li><li id="cat200140" aria-selected="false"><a title="" class="category-text " href="https://mfront.homeplus.co.kr/list?categoryDepth=2&amp;categoryId=200140">헤어용품</a></li><li id="cat200137" aria-selected="false"><a title="" class="category-text " href="https://mfront.homeplus.co.kr/list?categoryDepth=2&amp;categoryId=200137">바디용품</a></li><li id="cat200138" aria-selected="false"><a title="" class="category-text " href="https://mfront.homeplus.co.kr/list?categoryDepth=2&amp;categoryId=200138">여행용/세트</a></li><li id="cat200344" aria-selected="false"><a title="" class="category-text " href="https://mfront.homeplus.co.kr/list?categoryDepth=2&amp;categoryId=200344">스킨케어</a></li><li id="cat200342" aria-selected="false"><a title="" class="category-text " href="https://mfront.homeplus.co.kr/list?categoryDepth=2&amp;categoryId=200342">남성화장품</a></li><li id="cat200343" aria-selected="false"><a title="" class="category-text " href="https://mfront.homeplus.co.kr/list?categoryDepth=2&amp;categoryId=200343">메이크업/소품</a></li><li id="cat200345" aria-selected="false"><a title="" class="category-text " href="https://mfront.homeplus.co.kr/list?categoryDepth=2&amp;categoryId=200345">향수</a></li></ul><ul role="group" aria-labelledby="cat20" class="category-item-list-wrap hide"><li id="cat200662" aria-selected="false"><a title="" class="category-text " href="https://mfront.homeplus.co.kr/list?categoryDepth=2&amp;categoryId=200662">루테인/밀크씨슬/관절</a></li><li id="cat200663" aria-selected="false"><a title="" class="category-text " href="https://mfront.homeplus.co.kr/list?categoryDepth=2&amp;categoryId=200663">비타민/프로폴리스/혈행개선제</a></li><li id="cat200664" aria-selected="false"><a title="" class="category-text " href="https://mfront.homeplus.co.kr/list?categoryDepth=2&amp;categoryId=200664">소화제/자양강장/숙취해소</a></li><li id="cat200665" aria-selected="false"><a title="" class="category-text " href="https://mfront.homeplus.co.kr/list?categoryDepth=2&amp;categoryId=200665">유산균</a></li><li id="cat200666" aria-selected="false"><a title="" class="category-text " href="https://mfront.homeplus.co.kr/list?categoryDepth=2&amp;categoryId=200666">콜라겐/다이어트/프로틴</a></li><li id="cat200667" aria-selected="false"><a title="" class="category-text " href="https://mfront.homeplus.co.kr/list?categoryDepth=2&amp;categoryId=200667">홍삼/녹용</a></li><li id="cat200128" aria-selected="false"><a title="" class="category-text " href="https://mfront.homeplus.co.kr/list?categoryDepth=2&amp;categoryId=200128">건강/다이어트/의약외품</a></li><li id="cat100023" aria-selected="false"><a title="" class="category-text " href="https://mfront.homeplus.co.kr/list?categoryDepth=1&amp;categoryId=100023">의료/건강용품</a></li></ul><ul role="group" aria-labelledby="cat21" class="category-item-list-wrap hide"><li id="cat200288" aria-selected="false"><a title="" class="category-text " href="https://mfront.homeplus.co.kr/list?categoryDepth=2&amp;categoryId=200288">강아지사료/간식</a></li><li id="cat200294" aria-selected="false"><a title="" class="category-text " href="https://mfront.homeplus.co.kr/list?categoryDepth=2&amp;categoryId=200294">고양이사료/간식</a></li><li id="cat200293" aria-selected="false"><a title="" class="category-text " href="https://mfront.homeplus.co.kr/list?categoryDepth=2&amp;categoryId=200293">강아지 훈련/놀이용품</a></li><li id="cat200298" aria-selected="false"><a title="" class="category-text " href="https://mfront.homeplus.co.kr/list?categoryDepth=2&amp;categoryId=200298">고양이 캣타워/놀이용품</a></li><li id="cat200290" aria-selected="false"><a title="" class="category-text " href="https://mfront.homeplus.co.kr/list?categoryDepth=2&amp;categoryId=200290">모래/배변용품</a></li><li id="cat200289" aria-selected="false"><a title="" class="category-text " href="https://mfront.homeplus.co.kr/list?categoryDepth=2&amp;categoryId=200289">목욕/미용용품</a></li><li id="cat200301" aria-selected="false"><a title="" class="category-text " href="https://mfront.homeplus.co.kr/list?categoryDepth=2&amp;categoryId=200301">방석/캐리어/하우스</a></li><li id="cat200292" aria-selected="false"><a title="" class="category-text " href="https://mfront.homeplus.co.kr/list?categoryDepth=2&amp;categoryId=200292">반려동물 패션잡화/목줄</a></li><li id="cat200302" aria-selected="false"><a title="" class="category-text " href="https://mfront.homeplus.co.kr/list?categoryDepth=2&amp;categoryId=200302">반려동물 식기/의약외품</a></li><li id="cat200300" aria-selected="false"><a title="" class="category-text " href="https://mfront.homeplus.co.kr/list?categoryDepth=2&amp;categoryId=200300">관상어용품</a></li><li id="cat200672" aria-selected="false"><a title="" class="category-text " href="https://mfront.homeplus.co.kr/list?categoryDepth=2&amp;categoryId=200672">소동물/조류/기타 애완용품</a></li></ul><ul role="group" aria-labelledby="cat22" class="category-item-list-wrap hide"><li id="cat100024" aria-selected="false"><a title="" class="category-text " href="https://mfront.homeplus.co.kr/list?categoryDepth=1&amp;categoryId=100024">기저귀</a></li><li id="cat100025" aria-selected="false"><a title="" class="category-text " href="https://mfront.homeplus.co.kr/list?categoryDepth=1&amp;categoryId=100025">분유/이유식/간식</a></li><li id="cat100026" aria-selected="false"><a title="" class="category-text " href="https://mfront.homeplus.co.kr/list?categoryDepth=1&amp;categoryId=100026">젖병/수유/임산부용품</a></li><li id="cat100027" aria-selected="false"><a title="" class="category-text " href="https://mfront.homeplus.co.kr/list?categoryDepth=1&amp;categoryId=100027">유아용 위생/목욕/화장품</a></li><li id="cat100028" aria-selected="false"><a title="" class="category-text " href="https://mfront.homeplus.co.kr/list?categoryDepth=1&amp;categoryId=100028">유아용품</a></li><li id="cat200174" aria-selected="false"><a title="" class="category-text " href="https://mfront.homeplus.co.kr/list?categoryDepth=2&amp;categoryId=200174">유아용 식기</a></li><li id="cat200176" aria-selected="false"><a title="" class="category-text " href="https://mfront.homeplus.co.kr/list?categoryDepth=2&amp;categoryId=200176">신생아/유아완구</a></li><li id="cat200188" aria-selected="false"><a title="" class="category-text " href="https://mfront.homeplus.co.kr/list?categoryDepth=2&amp;categoryId=200188">대형/승용완구</a></li><li id="cat200180" aria-selected="false"><a title="" class="category-text " href="https://mfront.homeplus.co.kr/list?categoryDepth=2&amp;categoryId=200180">로봇</a></li><li id="cat200190" aria-selected="false"><a title="" class="category-text " href="https://mfront.homeplus.co.kr/list?categoryDepth=2&amp;categoryId=200190">무선조종/피규어/조립완구</a></li><li id="cat200182" aria-selected="false"><a title="" class="category-text " href="https://mfront.homeplus.co.kr/list?categoryDepth=2&amp;categoryId=200182">물놀이 용품</a></li><li id="cat200187" aria-selected="false"><a title="" class="category-text " href="https://mfront.homeplus.co.kr/list?categoryDepth=2&amp;categoryId=200187">야외/스포츠완구</a></li><li id="cat200203" aria-selected="false"><a title="" class="category-text " href="https://mfront.homeplus.co.kr/list?categoryDepth=2&amp;categoryId=200203">학습완구</a></li><li id="cat200179" aria-selected="false"><a title="" class="category-text " href="https://mfront.homeplus.co.kr/list?categoryDepth=2&amp;categoryId=200179">놀이완구</a></li><li id="cat200196" aria-selected="false"><a title="" class="category-text " href="https://mfront.homeplus.co.kr/list?categoryDepth=2&amp;categoryId=200196">인형</a></li><li id="cat200193" aria-selected="false"><a title="" class="category-text " href="https://mfront.homeplus.co.kr/list?categoryDepth=2&amp;categoryId=200193">블록/퍼즐/큐브</a></li><li id="cat200185" aria-selected="false"><a title="" class="category-text " href="https://mfront.homeplus.co.kr/list?categoryDepth=2&amp;categoryId=200185">보드게임/민속놀이</a></li></ul><ul role="group" aria-labelledby="cat23" class="category-item-list-wrap hide"><li id="cat200651" aria-selected="false"><a title="" class="category-text " href="https://mfront.homeplus.co.kr/list?categoryDepth=2&amp;categoryId=200651">냄비</a></li><li id="cat200652" aria-selected="false"><a title="" class="category-text " href="https://mfront.homeplus.co.kr/list?categoryDepth=2&amp;categoryId=200652">프라이팬</a></li><li id="cat200653" aria-selected="false"><a title="" class="category-text " href="https://mfront.homeplus.co.kr/list?categoryDepth=2&amp;categoryId=200653">찜솥/압력솥/주전자</a></li><li id="cat200148" aria-selected="false"><a title="" class="category-text " href="https://mfront.homeplus.co.kr/list?categoryDepth=2&amp;categoryId=200148">주방/일회용품</a></li><li id="cat200654" aria-selected="false"><a title="" class="category-text " href="https://mfront.homeplus.co.kr/list?categoryDepth=2&amp;categoryId=200654">식기류</a></li><li id="cat200655" aria-selected="false"><a title="" class="category-text " href="https://mfront.homeplus.co.kr/list?categoryDepth=2&amp;categoryId=200655">물병/컵</a></li><li id="cat200656" aria-selected="false"><a title="" class="category-text " href="https://mfront.homeplus.co.kr/list?categoryDepth=2&amp;categoryId=200656">보관/밀폐용기</a></li><li id="cat200657" aria-selected="false"><a title="" class="category-text " href="https://mfront.homeplus.co.kr/list?categoryDepth=2&amp;categoryId=200657">보온/보냉용품/도시락</a></li><li id="cat200658" aria-selected="false"><a title="" class="category-text " href="https://mfront.homeplus.co.kr/list?categoryDepth=2&amp;categoryId=200658">조리도구</a></li><li id="cat200659" aria-selected="false"><a title="" class="category-text " href="https://mfront.homeplus.co.kr/list?categoryDepth=2&amp;categoryId=200659">칼/가위/도마</a></li><li id="cat200145" aria-selected="false"><a title="" class="category-text " href="https://mfront.homeplus.co.kr/list?categoryDepth=2&amp;categoryId=200145">주방잡화</a></li><li id="cat200660" aria-selected="false"><a title="" class="category-text " href="https://mfront.homeplus.co.kr/list?categoryDepth=2&amp;categoryId=200660">커피용품</a></li></ul><ul role="group" aria-labelledby="cat24" class="category-item-list-wrap hide"><li id="cat100043" aria-selected="false"><a title="" class="category-text " href="https://mfront.homeplus.co.kr/list?categoryDepth=1&amp;categoryId=100043">가구</a></li><li id="cat100045" aria-selected="false"><a title="" class="category-text " href="https://mfront.homeplus.co.kr/list?categoryDepth=1&amp;categoryId=100045">수납/정리</a></li><li id="cat100047" aria-selected="false"><a title="" class="category-text " href="https://mfront.homeplus.co.kr/list?categoryDepth=1&amp;categoryId=100047">홈데코</a></li><li id="cat100049" aria-selected="false"><a title="" class="category-text " href="https://mfront.homeplus.co.kr/list?categoryDepth=1&amp;categoryId=100049">침구</a></li><li id="cat100050" aria-selected="false"><a title="" class="category-text " href="https://mfront.homeplus.co.kr/list?categoryDepth=1&amp;categoryId=100050">커튼/블라인드</a></li><li id="cat100051" aria-selected="false"><a title="" class="category-text " href="https://mfront.homeplus.co.kr/list?categoryDepth=1&amp;categoryId=100051">홈패브릭</a></li><li id="cat200387" aria-selected="false"><a title="" class="category-text " href="https://mfront.homeplus.co.kr/list?categoryDepth=2&amp;categoryId=200387">조명</a></li><li id="cat200382" aria-selected="false"><a title="" class="category-text " href="https://mfront.homeplus.co.kr/list?categoryDepth=2&amp;categoryId=200382">원예</a></li><li id="cat100048" aria-selected="false"><a title="" class="category-text " href="https://mfront.homeplus.co.kr/list?categoryDepth=1&amp;categoryId=100048">DIY</a></li><li id="cat100076" aria-selected="false"><a title="" class="category-text " href="https://mfront.homeplus.co.kr/list?categoryDepth=1&amp;categoryId=100076">건전지</a></li></ul><ul role="group" aria-labelledby="cat25" class="category-item-list-wrap hide"><li id="cat100035" aria-selected="false"><a title="" class="category-text " href="https://mfront.homeplus.co.kr/list?categoryDepth=1&amp;categoryId=100035">여성의류</a></li><li id="cat100036" aria-selected="false"><a title="" class="category-text " href="https://mfront.homeplus.co.kr/list?categoryDepth=1&amp;categoryId=100036">남성의류</a></li><li id="cat100037" aria-selected="false"><a title="" class="category-text " href="https://mfront.homeplus.co.kr/list?categoryDepth=1&amp;categoryId=100037">아동의류</a></li><li id="cat100038" aria-selected="false"><a title="" class="category-text " href="https://mfront.homeplus.co.kr/list?categoryDepth=1&amp;categoryId=100038">여성언더웨어</a></li><li id="cat100039" aria-selected="false"><a title="" class="category-text " href="https://mfront.homeplus.co.kr/list?categoryDepth=1&amp;categoryId=100039">남성언더웨어</a></li><li id="cat100040" aria-selected="false"><a title="" class="category-text " href="https://mfront.homeplus.co.kr/list?categoryDepth=1&amp;categoryId=100040">아동언더웨어</a></li><li id="cat100071" aria-selected="false"><a title="" class="category-text " href="https://mfront.homeplus.co.kr/list?categoryDepth=1&amp;categoryId=100071">잠옷/홈웨어</a></li><li id="cat100072" aria-selected="false"><a title="" class="category-text " href="https://mfront.homeplus.co.kr/list?categoryDepth=1&amp;categoryId=100072">내의</a></li><li id="cat200341" aria-selected="false"><a title="" class="category-text " href="https://mfront.homeplus.co.kr/list?categoryDepth=2&amp;categoryId=200341">양말/스타킹</a></li><li id="cat200338" aria-selected="false"><a title="" class="category-text " href="https://mfront.homeplus.co.kr/list?categoryDepth=2&amp;categoryId=200338">가방/잡화</a></li><li id="cat200339" aria-selected="false"><a title="" class="category-text " href="https://mfront.homeplus.co.kr/list?categoryDepth=2&amp;categoryId=200339">시계/주얼리</a></li><li id="cat200340" aria-selected="false"><a title="" class="category-text " href="https://mfront.homeplus.co.kr/list?categoryDepth=2&amp;categoryId=200340">신발</a></li></ul><ul role="group" aria-labelledby="cat26" class="category-item-list-wrap hide"><li id="cat200266" aria-selected="false"><a title="" class="category-text " href="https://mfront.homeplus.co.kr/list?categoryDepth=2&amp;categoryId=200266">종이류/라벨</a></li><li id="cat200261" aria-selected="false"><a title="" class="category-text " href="https://mfront.homeplus.co.kr/list?categoryDepth=2&amp;categoryId=200261">데스크/사무 용품</a></li><li id="cat200260" aria-selected="false"><a title="" class="category-text " href="https://mfront.homeplus.co.kr/list?categoryDepth=2&amp;categoryId=200260">노트/다이어리/편지지</a></li><li id="cat100074" aria-selected="false"><a title="" class="category-text " href="https://mfront.homeplus.co.kr/list?categoryDepth=1&amp;categoryId=100074">미술용품</a></li><li id="cat100075" aria-selected="false"><a title="" class="category-text " href="https://mfront.homeplus.co.kr/list?categoryDepth=1&amp;categoryId=100075">팬시/포장/이벤트용품</a></li><li id="cat200283" aria-selected="false"><a title="" class="category-text " href="https://mfront.homeplus.co.kr/list?categoryDepth=2&amp;categoryId=200283">피아노/악기류</a></li><li id="cat200284" aria-selected="false"><a title="" class="category-text " href="https://mfront.homeplus.co.kr/list?categoryDepth=2&amp;categoryId=200284">필기류/학용품</a></li><li id="cat200286" aria-selected="false"><a title="" class="category-text " href="https://mfront.homeplus.co.kr/list?categoryDepth=2&amp;categoryId=200286">화일/바인더/앨범</a></li><li id="cat200279" aria-selected="false"><a title="" class="category-text " href="https://mfront.homeplus.co.kr/list?categoryDepth=2&amp;categoryId=200279">칠판보드/게시판</a></li><li id="cat100032" aria-selected="false"><a title="" class="category-text " href="https://mfront.homeplus.co.kr/list?categoryDepth=1&amp;categoryId=100032">도서/교육/음반</a></li></ul><ul role="group" aria-labelledby="cat27" class="category-item-list-wrap hide"><li id="cat200461" aria-selected="false"><a title="" class="category-text " href="https://mfront.homeplus.co.kr/list?categoryDepth=2&amp;categoryId=200461">TV</a></li><li id="cat200465" aria-selected="false"><a title="" class="category-text " href="https://mfront.homeplus.co.kr/list?categoryDepth=2&amp;categoryId=200465">홈시어터/음향가전</a></li><li id="cat200473" aria-selected="false"><a title="" class="category-text " href="https://mfront.homeplus.co.kr/list?categoryDepth=2&amp;categoryId=200473">주방가전</a></li><li id="cat200468" aria-selected="false"><a title="" class="category-text " href="https://mfront.homeplus.co.kr/list?categoryDepth=2&amp;categoryId=200468">냉장고/김치냉장고</a></li><li id="cat200469" aria-selected="false"><a title="" class="category-text " href="https://mfront.homeplus.co.kr/list?categoryDepth=2&amp;categoryId=200469">생활가전</a></li><li id="cat200470" aria-selected="false"><a title="" class="category-text " href="https://mfront.homeplus.co.kr/list?categoryDepth=2&amp;categoryId=200470">세탁기/건조기/의류관리기</a></li><li id="cat200472" aria-selected="false"><a title="" class="category-text " href="https://mfront.homeplus.co.kr/list?categoryDepth=2&amp;categoryId=200472">이미용가전/안마기기</a></li><li id="cat200475" aria-selected="false"><a title="" class="category-text " href="https://mfront.homeplus.co.kr/list?categoryDepth=2&amp;categoryId=200475">시즌가전</a></li><li id="cat100058" aria-selected="false"><a title="" class="category-text " href="https://mfront.homeplus.co.kr/list?categoryDepth=1&amp;categoryId=100058">디지털카메라/캠코더</a></li><li id="cat200484" aria-selected="false"><a title="" class="category-text " href="https://mfront.homeplus.co.kr/list?categoryDepth=2&amp;categoryId=200484">게임기</a></li><li id="cat200485" aria-selected="false"><a title="" class="category-text " href="https://mfront.homeplus.co.kr/list?categoryDepth=2&amp;categoryId=200485">노트북/데스크탑/태블릿</a></li><li id="cat200487" aria-selected="false"><a title="" class="category-text " href="https://mfront.homeplus.co.kr/list?categoryDepth=2&amp;categoryId=200487">모니터/PC용품</a></li><li id="cat100060" aria-selected="false"><a title="" class="category-text " href="https://mfront.homeplus.co.kr/list?categoryDepth=1&amp;categoryId=100060">휴대폰/스마트디바이스</a></li></ul><ul role="group" aria-labelledby="cat29" class="category-item-list-wrap hide"><li id="cat100054" aria-selected="false"><a title="" class="category-text " href="https://mfront.homeplus.co.kr/list?categoryDepth=1&amp;categoryId=100054">자동차용품</a></li><li id="cat100052" aria-selected="false"><a title="" class="category-text " href="https://mfront.homeplus.co.kr/list?categoryDepth=1&amp;categoryId=100052">스포츠/레저</a></li><li id="cat100053" aria-selected="false"><a title="" class="category-text " href="https://mfront.homeplus.co.kr/list?categoryDepth=1&amp;categoryId=100053">캠핑</a></li></ul><ul role="group" aria-labelledby="cat28" class="category-item-list-wrap hide"><li id="cat100069" aria-selected="false"><a title="" class="category-text " href="https://mfront.homeplus.co.kr/list?categoryDepth=1&amp;categoryId=100069">e쿠폰/상품권</a></li><li id="cat200517" aria-selected="false"><a title="" class="category-text " href="https://mfront.homeplus.co.kr/list?categoryDepth=2&amp;categoryId=200517">여행/렌트카</a></li></ul></div><div class="category-list S"><ul role="group" aria-labelledby="cat200009" class="category-item-list-wrap show"><li id="cat300032" aria-selected="true"><a title="" class="category-text text-hover" href="https://mfront.homeplus.co.kr/list?categoryDepth=3&amp;categoryId=300032">배 </a></li><li id="cat300033" aria-selected="false"><a title="" class="category-text " href="https://mfront.homeplus.co.kr/list?categoryDepth=3&amp;categoryId=300033">사과 </a></li></ul><ul role="group" aria-labelledby="cat200002" class="category-item-list-wrap hide"><li id="cat300004" aria-selected="false"><a title="" class="category-text " href="https://mfront.homeplus.co.kr/list?categoryDepth=3&amp;categoryId=300004">감귤 </a></li><li id="cat300005" aria-selected="false"><a title="" class="category-text " href="https://mfront.homeplus.co.kr/list?categoryDepth=3&amp;categoryId=300005">천혜향/한라봉/기타만감류 </a></li></ul><ul role="group" aria-labelledby="cat200013" class="category-item-list-wrap hide"><li id="cat300043" aria-selected="false"><a title="" class="category-text " href="https://mfront.homeplus.co.kr/list?categoryDepth=3&amp;categoryId=300043">방울토마토 </a></li><li id="cat300044" aria-selected="false"><a title="" class="category-text " href="https://mfront.homeplus.co.kr/list?categoryDepth=3&amp;categoryId=300044">토마토 </a></li></ul><ul role="group" aria-labelledby="cat200006" class="category-item-list-wrap hide"><li id="cat300025" aria-selected="false"><a title="" class="category-text " href="https://mfront.homeplus.co.kr/list?categoryDepth=3&amp;categoryId=300025">딸기 </a></li><li id="cat300026" aria-selected="false"><a title="" class="category-text " href="https://mfront.homeplus.co.kr/list?categoryDepth=3&amp;categoryId=300026">블루베리 </a></li><li id="cat300027" aria-selected="false"><a title="" class="category-text " href="https://mfront.homeplus.co.kr/list?categoryDepth=3&amp;categoryId=300027">체리</a></li></ul><ul role="group" aria-labelledby="cat200001" class="category-item-list-wrap hide"><li id="cat300001" aria-selected="false"><a title="" class="category-text " href="https://mfront.homeplus.co.kr/list?categoryDepth=3&amp;categoryId=300001">감/홍시 </a></li><li id="cat300002" aria-selected="false"><a title="" class="category-text " href="https://mfront.homeplus.co.kr/list?categoryDepth=3&amp;categoryId=300002">곶감</a></li><li id="cat300003" aria-selected="false"><a title="" class="category-text " href="https://mfront.homeplus.co.kr/list?categoryDepth=3&amp;categoryId=300003">밤 </a></li></ul><ul role="group" aria-labelledby="cat200010" class="category-item-list-wrap hide"><li id="cat300034" aria-selected="false"><a title="" class="category-text " href="https://mfront.homeplus.co.kr/list?categoryDepth=3&amp;categoryId=300034">메론</a></li><li id="cat300035" aria-selected="false"><a title="" class="category-text " href="https://mfront.homeplus.co.kr/list?categoryDepth=3&amp;categoryId=300035">수박 </a></li><li id="cat300036" aria-selected="false"><a title="" class="category-text " href="https://mfront.homeplus.co.kr/list?categoryDepth=3&amp;categoryId=300036">참외 </a></li></ul><ul role="group" aria-labelledby="cat200014" class="category-item-list-wrap hide"><li id="cat300045" aria-selected="false"><a title="" class="category-text " href="https://mfront.homeplus.co.kr/list?categoryDepth=3&amp;categoryId=300045">국산포도 </a></li><li id="cat300047" aria-selected="false"><a title="" class="category-text " href="https://mfront.homeplus.co.kr/list?categoryDepth=3&amp;categoryId=300047">수입포도 </a></li><li id="cat300046" aria-selected="false"><a title="" class="category-text " href="https://mfront.homeplus.co.kr/list?categoryDepth=3&amp;categoryId=300046">복숭아 </a></li><li id="cat300048" aria-selected="false"><a title="" class="category-text " href="https://mfront.homeplus.co.kr/list?categoryDepth=3&amp;categoryId=300048">자두</a></li></ul><ul role="group" aria-labelledby="cat200008" class="category-item-list-wrap hide"><li id="cat300030" aria-selected="false"><a title="" class="category-text " href="https://mfront.homeplus.co.kr/list?categoryDepth=3&amp;categoryId=300030">바나나 </a></li><li id="cat300031" aria-selected="false"><a title="" class="category-text " href="https://mfront.homeplus.co.kr/list?categoryDepth=3&amp;categoryId=300031">파인애플 </a></li></ul><ul role="group" aria-labelledby="cat200011" class="category-item-list-wrap hide"><li id="cat300037" aria-selected="false"><a title="" class="category-text " href="https://mfront.homeplus.co.kr/list?categoryDepth=3&amp;categoryId=300037">레몬/라임 </a></li><li id="cat300038" aria-selected="false"><a title="" class="category-text " href="https://mfront.homeplus.co.kr/list?categoryDepth=3&amp;categoryId=300038">오렌지 </a></li><li id="cat300039" aria-selected="false"><a title="" class="category-text " href="https://mfront.homeplus.co.kr/list?categoryDepth=3&amp;categoryId=300039">자몽/메로골드 </a></li></ul><ul role="group" aria-labelledby="cat200012" class="category-item-list-wrap hide"><li id="cat300040" aria-selected="false"><a title="" class="category-text " href="https://mfront.homeplus.co.kr/list?categoryDepth=3&amp;categoryId=300040">그린키위/골드키위/참다래 </a></li><li id="cat300041" aria-selected="false"><a title="" class="category-text " href="https://mfront.homeplus.co.kr/list?categoryDepth=3&amp;categoryId=300041">석류</a></li><li id="cat300042" aria-selected="false"><a title="" class="category-text " href="https://mfront.homeplus.co.kr/list?categoryDepth=3&amp;categoryId=300042">아보카도 </a></li></ul><ul role="group" aria-labelledby="cat200007" class="category-item-list-wrap hide"><li id="cat300028" aria-selected="false"><a title="" class="category-text " href="https://mfront.homeplus.co.kr/list?categoryDepth=3&amp;categoryId=300028">두리안/망고/망고스틴</a></li><li id="cat300029" aria-selected="false"><a title="" class="category-text " href="https://mfront.homeplus.co.kr/list?categoryDepth=3&amp;categoryId=300029">야자/용과/코코넛/파파야/패션후르츠</a></li></ul><ul role="group" aria-labelledby="cat200004" class="category-item-list-wrap hide"><li id="cat300015" aria-selected="false"><a title="" class="category-text " href="https://mfront.homeplus.co.kr/list?categoryDepth=3&amp;categoryId=300015">기타과일 </a></li><li id="cat300016" aria-selected="false"><a title="" class="category-text " href="https://mfront.homeplus.co.kr/list?categoryDepth=3&amp;categoryId=300016">매실/모과/무화과/유자</a></li><li id="cat300017" aria-selected="false"><a title="" class="category-text " href="https://mfront.homeplus.co.kr/list?categoryDepth=3&amp;categoryId=300017">산딸기/아로니아</a></li><li id="cat300018" aria-selected="false"><a title="" class="category-text " href="https://mfront.homeplus.co.kr/list?categoryDepth=3&amp;categoryId=300018">살구/플럼코트</a></li></ul><ul role="group" aria-labelledby="cat200003" class="category-item-list-wrap hide"><li id="cat300006" aria-selected="false"><a title="" class="category-text " href="https://mfront.homeplus.co.kr/list?categoryDepth=3&amp;categoryId=300006">감귤류세트</a></li><li id="cat300007" aria-selected="false"><a title="" class="category-text " href="https://mfront.homeplus.co.kr/list?categoryDepth=3&amp;categoryId=300007">고급과일</a></li><li id="cat300008" aria-selected="false"><a title="" class="category-text " href="https://mfront.homeplus.co.kr/list?categoryDepth=3&amp;categoryId=300008">곶감세트</a></li><li id="cat300009" aria-selected="false"><a title="" class="category-text " href="https://mfront.homeplus.co.kr/list?categoryDepth=3&amp;categoryId=300009">과일바구니 </a></li><li id="cat300010" aria-selected="false"><a title="" class="category-text " href="https://mfront.homeplus.co.kr/list?categoryDepth=3&amp;categoryId=300010">기타과일선물세트</a></li><li id="cat300011" aria-selected="false"><a title="" class="category-text " href="https://mfront.homeplus.co.kr/list?categoryDepth=3&amp;categoryId=300011">메론세트</a></li><li id="cat300012" aria-selected="false"><a title="" class="category-text " href="https://mfront.homeplus.co.kr/list?categoryDepth=3&amp;categoryId=300012">배세트</a></li><li id="cat300013" aria-selected="false"><a title="" class="category-text " href="https://mfront.homeplus.co.kr/list?categoryDepth=3&amp;categoryId=300013">사과세트</a></li><li id="cat300014" aria-selected="false"><a title="" class="category-text " href="https://mfront.homeplus.co.kr/list?categoryDepth=3&amp;categoryId=300014">혼합세트</a></li></ul><ul role="group" aria-labelledby="cat200005" class="category-item-list-wrap hide"><li id="cat300019" aria-selected="false"><a title="" class="category-text " href="https://mfront.homeplus.co.kr/list?categoryDepth=3&amp;categoryId=300019">간편과일 </a></li><li id="cat300020" aria-selected="false"><a title="" class="category-text " href="https://mfront.homeplus.co.kr/list?categoryDepth=3&amp;categoryId=300020">건자두/건포도/베리류</a></li><li id="cat300021" aria-selected="false"><a title="" class="category-text " href="https://mfront.homeplus.co.kr/list?categoryDepth=3&amp;categoryId=300021">기타건과일</a></li><li id="cat300022" aria-selected="false"><a title="" class="category-text " href="https://mfront.homeplus.co.kr/list?categoryDepth=3&amp;categoryId=300022">냉동과일</a></li><li id="cat300023" aria-selected="false"><a title="" class="category-text " href="https://mfront.homeplus.co.kr/list?categoryDepth=3&amp;categoryId=300023">천연간식</a></li><li id="cat300024" aria-selected="false"><a title="" class="category-text " href="https://mfront.homeplus.co.kr/list?categoryDepth=3&amp;categoryId=300024">열대건과일</a></li></ul><ul role="group" aria-labelledby="cat200015" class="category-item-list-wrap hide"><li id="cat300049" aria-selected="false"><a title="" class="category-text " href="https://mfront.homeplus.co.kr/list?categoryDepth=3&amp;categoryId=300049">10kg 이상 ~ 20kg 미만</a></li><li id="cat300050" aria-selected="false"><a title="" class="category-text " href="https://mfront.homeplus.co.kr/list?categoryDepth=3&amp;categoryId=300050">20kg 이상</a></li><li id="cat300051" aria-selected="false"><a title="" class="category-text " href="https://mfront.homeplus.co.kr/list?categoryDepth=3&amp;categoryId=300051">5kg 미만</a></li><li id="cat300052" aria-selected="false"><a title="" class="category-text " href="https://mfront.homeplus.co.kr/list?categoryDepth=3&amp;categoryId=300052">5kg 이상 ~ 10kg 미만</a></li></ul><ul role="group" aria-labelledby="cat200017" class="category-item-list-wrap hide"><li id="cat300056" aria-selected="false"><a title="" class="category-text " href="https://mfront.homeplus.co.kr/list?categoryDepth=3&amp;categoryId=300056">찰현미</a></li><li id="cat300057" aria-selected="false"><a title="" class="category-text " href="https://mfront.homeplus.co.kr/list?categoryDepth=3&amp;categoryId=300057">찹쌀</a></li><li id="cat300058" aria-selected="false"><a title="" class="category-text " href="https://mfront.homeplus.co.kr/list?categoryDepth=3&amp;categoryId=300058">현미</a></li><li id="cat300059" aria-selected="false"><a title="" class="category-text " href="https://mfront.homeplus.co.kr/list?categoryDepth=3&amp;categoryId=300059">흑미</a></li></ul><ul role="group" aria-labelledby="cat200019" class="category-item-list-wrap hide"><li id="cat300064" aria-selected="false"><a title="" class="category-text " href="https://mfront.homeplus.co.kr/list?categoryDepth=3&amp;categoryId=300064">수입잡곡</a></li><li id="cat300065" aria-selected="false"><a title="" class="category-text " href="https://mfront.homeplus.co.kr/list?categoryDepth=3&amp;categoryId=300065">혼합곡</a></li></ul><ul role="group" aria-labelledby="cat200016" class="category-item-list-wrap hide"><li id="cat300053" aria-selected="false"><a title="" class="category-text " href="https://mfront.homeplus.co.kr/list?categoryDepth=3&amp;categoryId=300053">깨류</a></li><li id="cat300054" aria-selected="false"><a title="" class="category-text " href="https://mfront.homeplus.co.kr/list?categoryDepth=3&amp;categoryId=300054">수수</a></li><li id="cat300055" aria-selected="false"><a title="" class="category-text " href="https://mfront.homeplus.co.kr/list?categoryDepth=3&amp;categoryId=300055">조류</a></li></ul><ul role="group" aria-labelledby="cat200018" class="category-item-list-wrap hide"><li id="cat300060" aria-selected="false"><a title="" class="category-text " href="https://mfront.homeplus.co.kr/list?categoryDepth=3&amp;categoryId=300060">귀리류</a></li><li id="cat300061" aria-selected="false"><a title="" class="category-text " href="https://mfront.homeplus.co.kr/list?categoryDepth=3&amp;categoryId=300061">보리류</a></li><li id="cat300062" aria-selected="false"><a title="" class="category-text " href="https://mfront.homeplus.co.kr/list?categoryDepth=3&amp;categoryId=300062">콩류</a></li><li id="cat300063" aria-selected="false"><a title="" class="category-text " href="https://mfront.homeplus.co.kr/list?categoryDepth=3&amp;categoryId=300063">팥류</a></li></ul><ul role="group" aria-labelledby="cat200021" class="category-item-list-wrap hide"><li id="cat300067" aria-selected="false"><a title="" class="category-text " href="https://mfront.homeplus.co.kr/list?categoryDepth=3&amp;categoryId=300067">감자</a></li><li id="cat300068" aria-selected="false"><a title="" class="category-text " href="https://mfront.homeplus.co.kr/list?categoryDepth=3&amp;categoryId=300068">고구마</a></li></ul><ul role="group" aria-labelledby="cat200030" class="category-item-list-wrap hide"><li id="cat300108" aria-selected="false"><a title="" class="category-text " href="https://mfront.homeplus.co.kr/list?categoryDepth=3&amp;categoryId=300108">깐마늘</a></li><li id="cat300109" aria-selected="false"><a title="" class="category-text " href="https://mfront.homeplus.co.kr/list?categoryDepth=3&amp;categoryId=300109">대파</a></li><li id="cat300110" aria-selected="false"><a title="" class="category-text " href="https://mfront.homeplus.co.kr/list?categoryDepth=3&amp;categoryId=300110">마늘</a></li><li id="cat300111" aria-selected="false"><a title="" class="category-text " href="https://mfront.homeplus.co.kr/list?categoryDepth=3&amp;categoryId=300111">생강</a></li><li id="cat300112" aria-selected="false"><a title="" class="category-text " href="https://mfront.homeplus.co.kr/list?categoryDepth=3&amp;categoryId=300112">양파</a></li><li id="cat300113" aria-selected="false"><a title="" class="category-text " href="https://mfront.homeplus.co.kr/list?categoryDepth=3&amp;categoryId=300113">쪽파</a></li></ul><ul role="group" aria-labelledby="cat200023" class="category-item-list-wrap hide"><li id="cat300072" aria-selected="false"><a title="" class="category-text " href="https://mfront.homeplus.co.kr/list?categoryDepth=3&amp;categoryId=300072">당근</a></li><li id="cat300073" aria-selected="false"><a title="" class="category-text " href="https://mfront.homeplus.co.kr/list?categoryDepth=3&amp;categoryId=300073">마/우엉 </a></li><li id="cat300074" aria-selected="false"><a title="" class="category-text " href="https://mfront.homeplus.co.kr/list?categoryDepth=3&amp;categoryId=300074">연근</a></li></ul><ul role="group" aria-labelledby="cat200031" class="category-item-list-wrap hide"><li id="cat300114" aria-selected="false"><a title="" class="category-text " href="https://mfront.homeplus.co.kr/list?categoryDepth=3&amp;categoryId=300114">가지</a></li><li id="cat300116" aria-selected="false"><a title="" class="category-text " href="https://mfront.homeplus.co.kr/list?categoryDepth=3&amp;categoryId=300116">과채콩</a></li><li id="cat300117" aria-selected="false"><a title="" class="category-text " href="https://mfront.homeplus.co.kr/list?categoryDepth=3&amp;categoryId=300117">오이</a></li><li id="cat300118" aria-selected="false"><a title="" class="category-text " href="https://mfront.homeplus.co.kr/list?categoryDepth=3&amp;categoryId=300118">옥수수</a></li><li id="cat300119" aria-selected="false"><a title="" class="category-text " href="https://mfront.homeplus.co.kr/list?categoryDepth=3&amp;categoryId=300119">호박</a></li></ul><ul role="group" aria-labelledby="cat200033" class="category-item-list-wrap hide"><li id="cat300122" aria-selected="false"><a title="" class="category-text " href="https://mfront.homeplus.co.kr/list?categoryDepth=3&amp;categoryId=300122">브로콜리</a></li><li id="cat300123" aria-selected="false"><a title="" class="category-text " href="https://mfront.homeplus.co.kr/list?categoryDepth=3&amp;categoryId=300123">컬리플라워</a></li><li id="cat300124" aria-selected="false"><a title="" class="category-text " href="https://mfront.homeplus.co.kr/list?categoryDepth=3&amp;categoryId=300124">파프리카</a></li><li id="cat300125" aria-selected="false"><a title="" class="category-text " href="https://mfront.homeplus.co.kr/list?categoryDepth=3&amp;categoryId=300125">피망</a></li></ul><ul role="group" aria-labelledby="cat200029" class="category-item-list-wrap hide"><li id="cat300103" aria-selected="false"><a title="" class="category-text " href="https://mfront.homeplus.co.kr/list?categoryDepth=3&amp;categoryId=300103">샐러드채소 기타</a></li><li id="cat300104" aria-selected="false"><a title="" class="category-text " href="https://mfront.homeplus.co.kr/list?categoryDepth=3&amp;categoryId=300104">샐러리</a></li><li id="cat300105" aria-selected="false"><a title="" class="category-text " href="https://mfront.homeplus.co.kr/list?categoryDepth=3&amp;categoryId=300105">아스파라거스</a></li><li id="cat300106" aria-selected="false"><a title="" class="category-text " href="https://mfront.homeplus.co.kr/list?categoryDepth=3&amp;categoryId=300106">양배추</a></li><li id="cat300107" aria-selected="false"><a title="" class="category-text " href="https://mfront.homeplus.co.kr/list?categoryDepth=3&amp;categoryId=300107">양상추</a></li></ul><ul role="group" aria-labelledby="cat200027" class="category-item-list-wrap hide"><li id="cat300093" aria-selected="false"><a title="" class="category-text " href="https://mfront.homeplus.co.kr/list?categoryDepth=3&amp;categoryId=300093">고추/건고추</a></li><li id="cat300094" aria-selected="false"><a title="" class="category-text " href="https://mfront.homeplus.co.kr/list?categoryDepth=3&amp;categoryId=300094">깻잎</a></li><li id="cat300095" aria-selected="false"><a title="" class="category-text " href="https://mfront.homeplus.co.kr/list?categoryDepth=3&amp;categoryId=300095">상추</a></li><li id="cat300096" aria-selected="false"><a title="" class="category-text " href="https://mfront.homeplus.co.kr/list?categoryDepth=3&amp;categoryId=300096">쌈채소</a></li></ul><ul role="group" aria-labelledby="cat200025" class="category-item-list-wrap hide"><li id="cat300081" aria-selected="false"><a title="" class="category-text " href="https://mfront.homeplus.co.kr/list?categoryDepth=3&amp;categoryId=300081">김치재료기타 </a></li><li id="cat300082" aria-selected="false"><a title="" class="category-text " href="https://mfront.homeplus.co.kr/list?categoryDepth=3&amp;categoryId=300082">무/열무</a></li><li id="cat300083" aria-selected="false"><a title="" class="category-text " href="https://mfront.homeplus.co.kr/list?categoryDepth=3&amp;categoryId=300083">배추/절임배추</a></li><li id="cat300084" aria-selected="false"><a title="" class="category-text " href="https://mfront.homeplus.co.kr/list?categoryDepth=3&amp;categoryId=300084">얼갈이</a></li></ul><ul role="group" aria-labelledby="cat200026" class="category-item-list-wrap hide"><li id="cat300085" aria-selected="false"><a title="" class="category-text " href="https://mfront.homeplus.co.kr/list?categoryDepth=3&amp;categoryId=300085">기타버섯 </a></li><li id="cat300086" aria-selected="false"><a title="" class="category-text " href="https://mfront.homeplus.co.kr/list?categoryDepth=3&amp;categoryId=300086">느타리버섯</a></li><li id="cat300087" aria-selected="false"><a title="" class="category-text " href="https://mfront.homeplus.co.kr/list?categoryDepth=3&amp;categoryId=300087">맛타리버섯</a></li><li id="cat300088" aria-selected="false"><a title="" class="category-text " href="https://mfront.homeplus.co.kr/list?categoryDepth=3&amp;categoryId=300088">모듬버섯</a></li><li id="cat300089" aria-selected="false"><a title="" class="category-text " href="https://mfront.homeplus.co.kr/list?categoryDepth=3&amp;categoryId=300089">새송이버섯</a></li><li id="cat300090" aria-selected="false"><a title="" class="category-text " href="https://mfront.homeplus.co.kr/list?categoryDepth=3&amp;categoryId=300090">양송이버섯</a></li><li id="cat300091" aria-selected="false"><a title="" class="category-text " href="https://mfront.homeplus.co.kr/list?categoryDepth=3&amp;categoryId=300091">팽이버섯</a></li><li id="cat300092" aria-selected="false"><a title="" class="category-text " href="https://mfront.homeplus.co.kr/list?categoryDepth=3&amp;categoryId=300092">표고버섯</a></li></ul><ul role="group" aria-labelledby="cat200024" class="category-item-list-wrap hide"><li id="cat300075" aria-selected="false"><a title="" class="category-text " href="https://mfront.homeplus.co.kr/list?categoryDepth=3&amp;categoryId=300075">국거리채소 </a></li><li id="cat300077" aria-selected="false"><a title="" class="category-text " href="https://mfront.homeplus.co.kr/list?categoryDepth=3&amp;categoryId=300077">미나리</a></li><li id="cat300078" aria-selected="false"><a title="" class="category-text " href="https://mfront.homeplus.co.kr/list?categoryDepth=3&amp;categoryId=300078">부추</a></li><li id="cat300079" aria-selected="false"><a title="" class="category-text " href="https://mfront.homeplus.co.kr/list?categoryDepth=3&amp;categoryId=300079">생나물</a></li><li id="cat300080" aria-selected="false"><a title="" class="category-text " href="https://mfront.homeplus.co.kr/list?categoryDepth=3&amp;categoryId=300080">시금치</a></li></ul><ul role="group" aria-labelledby="cat200022" class="category-item-list-wrap hide"><li id="cat300069" aria-selected="false"><a title="" class="category-text " href="https://mfront.homeplus.co.kr/list?categoryDepth=3&amp;categoryId=300069">데친나물/삶은나물</a></li><li id="cat300071" aria-selected="false"><a title="" class="category-text " href="https://mfront.homeplus.co.kr/list?categoryDepth=3&amp;categoryId=300071">해초</a></li></ul><ul role="group" aria-labelledby="cat200028" class="category-item-list-wrap hide"><li id="cat300097" aria-selected="false"><a title="" class="category-text " href="https://mfront.homeplus.co.kr/list?categoryDepth=3&amp;categoryId=300097">드레싱</a></li><li id="cat300098" aria-selected="false"><a title="" class="category-text " href="https://mfront.homeplus.co.kr/list?categoryDepth=3&amp;categoryId=300098">새싹채소</a></li><li id="cat300099" aria-selected="false"><a title="" class="category-text " href="https://mfront.homeplus.co.kr/list?categoryDepth=3&amp;categoryId=300099">샐러드</a></li><li id="cat300100" aria-selected="false"><a title="" class="category-text " href="https://mfront.homeplus.co.kr/list?categoryDepth=3&amp;categoryId=300100">양념류/찌개류 </a></li><li id="cat300101" aria-selected="false"><a title="" class="category-text " href="https://mfront.homeplus.co.kr/list?categoryDepth=3&amp;categoryId=300101">편이채소</a></li></ul><ul role="group" aria-labelledby="cat200020" class="category-item-list-wrap hide"><li id="cat300066" aria-selected="false"><a title="" class="category-text " href="https://mfront.homeplus.co.kr/list?categoryDepth=3&amp;categoryId=300066">건채소</a></li></ul><ul role="group" aria-labelledby="cat200032" class="category-item-list-wrap hide"><li id="cat300120" aria-selected="false"><a title="" class="category-text " href="https://mfront.homeplus.co.kr/list?categoryDepth=3&amp;categoryId=300120">인삼/더덕/약선재료</a></li><li id="cat300121" aria-selected="false"><a title="" class="category-text " href="https://mfront.homeplus.co.kr/list?categoryDepth=3&amp;categoryId=300121">채소선물세트 </a></li></ul><ul role="group" aria-labelledby="cat200034" class="category-item-list-wrap hide"><li id="cat300126" aria-selected="false"><a title="" class="category-text " href="https://mfront.homeplus.co.kr/list?categoryDepth=3&amp;categoryId=300126">건강분말</a></li><li id="cat300127" aria-selected="false"><a title="" class="category-text " href="https://mfront.homeplus.co.kr/list?categoryDepth=3&amp;categoryId=300127">곡물가공</a></li><li id="cat300128" aria-selected="false"><a title="" class="category-text " href="https://mfront.homeplus.co.kr/list?categoryDepth=3&amp;categoryId=300128">미숫가루/선식</a></li></ul><ul role="group" aria-labelledby="cat200039" class="category-item-list-wrap hide"><li id="cat300139" aria-selected="false"><a title="" class="category-text " href="https://mfront.homeplus.co.kr/list?categoryDepth=3&amp;categoryId=300139">땅콩</a></li><li id="cat300140" aria-selected="false"><a title="" class="category-text " href="https://mfront.homeplus.co.kr/list?categoryDepth=3&amp;categoryId=300140">아몬드</a></li><li id="cat300141" aria-selected="false"><a title="" class="category-text " href="https://mfront.homeplus.co.kr/list?categoryDepth=3&amp;categoryId=300141">호두</a></li></ul><ul role="group" aria-labelledby="cat200040" class="category-item-list-wrap hide"><li id="cat300142" aria-selected="false"><a title="" class="category-text " href="https://mfront.homeplus.co.kr/list?categoryDepth=3&amp;categoryId=300142">캐슈넛</a></li><li id="cat300143" aria-selected="false"><a title="" class="category-text " href="https://mfront.homeplus.co.kr/list?categoryDepth=3&amp;categoryId=300143">피스타치오</a></li></ul><ul role="group" aria-labelledby="cat200036" class="category-item-list-wrap hide"><li id="cat300131" aria-selected="false"><a title="" class="category-text " href="https://mfront.homeplus.co.kr/list?categoryDepth=3&amp;categoryId=300131">마카다미아</a></li><li id="cat300132" aria-selected="false"><a title="" class="category-text " href="https://mfront.homeplus.co.kr/list?categoryDepth=3&amp;categoryId=300132">브라질넛</a></li></ul><ul role="group" aria-labelledby="cat200035" class="category-item-list-wrap hide"><li id="cat300129" aria-selected="false"><a title="" class="category-text " href="https://mfront.homeplus.co.kr/list?categoryDepth=3&amp;categoryId=300129">믹스넛</a></li><li id="cat300130" aria-selected="false"><a title="" class="category-text " href="https://mfront.homeplus.co.kr/list?categoryDepth=3&amp;categoryId=300130">하루견과</a></li></ul><ul role="group" aria-labelledby="cat200038" class="category-item-list-wrap hide"><li id="cat303401" aria-selected="false"><a title="" class="category-text " href="https://mfront.homeplus.co.kr/list?categoryDepth=3&amp;categoryId=303401">스낵류</a></li><li id="cat300137" aria-selected="false"><a title="" class="category-text " href="https://mfront.homeplus.co.kr/list?categoryDepth=3&amp;categoryId=300137">씨앗류</a></li><li id="cat300138" aria-selected="false"><a title="" class="category-text " href="https://mfront.homeplus.co.kr/list?categoryDepth=3&amp;categoryId=300138">잣류</a></li></ul><ul role="group" aria-labelledby="cat200037" class="category-item-list-wrap hide"><li id="cat300133" aria-selected="false"><a title="" class="category-text " href="https://mfront.homeplus.co.kr/list?categoryDepth=3&amp;categoryId=300133">건버섯세트</a></li><li id="cat300134" aria-selected="false"><a title="" class="category-text " href="https://mfront.homeplus.co.kr/list?categoryDepth=3&amp;categoryId=300134">견과세트</a></li><li id="cat300135" aria-selected="false"><a title="" class="category-text " href="https://mfront.homeplus.co.kr/list?categoryDepth=3&amp;categoryId=300135">곡물세트</a></li><li id="cat300136" aria-selected="false"><a title="" class="category-text " href="https://mfront.homeplus.co.kr/list?categoryDepth=3&amp;categoryId=300136">한과세트</a></li></ul><ul role="group" aria-labelledby="cat200044" class="category-item-list-wrap hide"><li id="cat300153" aria-selected="false"><a title="" class="category-text " href="https://mfront.homeplus.co.kr/list?categoryDepth=3&amp;categoryId=300153">가자미</a></li><li id="cat300154" aria-selected="false"><a title="" class="category-text " href="https://mfront.homeplus.co.kr/list?categoryDepth=3&amp;categoryId=300154">갈치/삼치/고등어</a></li><li id="cat300155" aria-selected="false"><a title="" class="category-text " href="https://mfront.homeplus.co.kr/list?categoryDepth=3&amp;categoryId=300155">구색선어/회</a></li><li id="cat300156" aria-selected="false"><a title="" class="category-text " href="https://mfront.homeplus.co.kr/list?categoryDepth=3&amp;categoryId=300156">동태</a></li><li id="cat300157" aria-selected="false"><a title="" class="category-text " href="https://mfront.homeplus.co.kr/list?categoryDepth=3&amp;categoryId=300157">손질생선</a></li><li id="cat300158" aria-selected="false"><a title="" class="category-text " href="https://mfront.homeplus.co.kr/list?categoryDepth=3&amp;categoryId=300158">연어</a></li><li id="cat300159" aria-selected="false"><a title="" class="category-text " href="https://mfront.homeplus.co.kr/list?categoryDepth=3&amp;categoryId=300159">조기/굴비</a></li></ul><ul role="group" aria-labelledby="cat200047" class="category-item-list-wrap hide"><li id="cat300169" aria-selected="false"><a title="" class="category-text " href="https://mfront.homeplus.co.kr/list?categoryDepth=3&amp;categoryId=300169">새우/게/랍스터/크랩류</a></li><li id="cat300170" aria-selected="false"><a title="" class="category-text " href="https://mfront.homeplus.co.kr/list?categoryDepth=3&amp;categoryId=300170">오징어/낙지/주꾸미/문어</a></li></ul><ul role="group" aria-labelledby="cat200046" class="category-item-list-wrap hide"><li id="cat300164" aria-selected="false"><a title="" class="category-text " href="https://mfront.homeplus.co.kr/list?categoryDepth=3&amp;categoryId=300164">굴/바지락</a></li><li id="cat300165" aria-selected="false"><a title="" class="category-text " href="https://mfront.homeplus.co.kr/list?categoryDepth=3&amp;categoryId=300165">기타 어패류</a></li><li id="cat300166" aria-selected="false"><a title="" class="category-text " href="https://mfront.homeplus.co.kr/list?categoryDepth=3&amp;categoryId=300166">멍게/해삼</a></li><li id="cat300167" aria-selected="false"><a title="" class="category-text " href="https://mfront.homeplus.co.kr/list?categoryDepth=3&amp;categoryId=300167">전복</a></li><li id="cat300168" aria-selected="false"><a title="" class="category-text " href="https://mfront.homeplus.co.kr/list?categoryDepth=3&amp;categoryId=300168">홍합/꼬막</a></li></ul><ul role="group" aria-labelledby="cat200042" class="category-item-list-wrap hide"><li id="cat300146" aria-selected="false"><a title="" class="category-text " href="https://mfront.homeplus.co.kr/list?categoryDepth=3&amp;categoryId=300146">건오징어/한치/진미채</a></li><li id="cat300147" aria-selected="false"><a title="" class="category-text " href="https://mfront.homeplus.co.kr/list?categoryDepth=3&amp;categoryId=300147">기타다시팩</a></li><li id="cat300148" aria-selected="false"><a title="" class="category-text " href="https://mfront.homeplus.co.kr/list?categoryDepth=3&amp;categoryId=300148">노가리/황태/먹태</a></li><li id="cat300149" aria-selected="false"><a title="" class="category-text " href="https://mfront.homeplus.co.kr/list?categoryDepth=3&amp;categoryId=300149">멸치/새우</a></li><li id="cat300150" aria-selected="false"><a title="" class="category-text " href="https://mfront.homeplus.co.kr/list?categoryDepth=3&amp;categoryId=300150">쥐포/어포/육포</a></li></ul><ul role="group" aria-labelledby="cat200043" class="category-item-list-wrap hide"><li id="cat300151" aria-selected="false"><a title="" class="category-text " href="https://mfront.homeplus.co.kr/list?categoryDepth=3&amp;categoryId=300151">김/김자반/부각</a></li><li id="cat300152" aria-selected="false"><a title="" class="category-text " href="https://mfront.homeplus.co.kr/list?categoryDepth=3&amp;categoryId=300152">미역/다시마</a></li></ul><ul role="group" aria-labelledby="cat200041" class="category-item-list-wrap hide"><li id="cat300144" aria-selected="false"><a title="" class="category-text " href="https://mfront.homeplus.co.kr/list?categoryDepth=3&amp;categoryId=300144">냉동간편수산물</a></li><li id="cat300145" aria-selected="false"><a title="" class="category-text " href="https://mfront.homeplus.co.kr/list?categoryDepth=3&amp;categoryId=300145">수산간편식</a></li></ul><ul role="group" aria-labelledby="cat200055" class="category-item-list-wrap hide"><li id="cat300200" aria-selected="false"><a title="" class="category-text " href="https://mfront.homeplus.co.kr/list?categoryDepth=3&amp;categoryId=300200">등심/안심/구이</a></li><li id="cat300199" aria-selected="false"><a title="" class="category-text " href="https://mfront.homeplus.co.kr/list?categoryDepth=3&amp;categoryId=300199">국거리/불고기/다짐/잡채</a></li><li id="cat303406" aria-selected="false"><a title="" class="category-text " href="https://mfront.homeplus.co.kr/list?categoryDepth=3&amp;categoryId=303406">사골/곰탕</a></li></ul><ul role="group" aria-labelledby="cat200049" class="category-item-list-wrap hide"><li id="cat300177" aria-selected="false"><a title="" class="category-text " href="https://mfront.homeplus.co.kr/list?categoryDepth=3&amp;categoryId=300177">닭고기 기타</a></li><li id="cat300178" aria-selected="false"><a title="" class="category-text " href="https://mfront.homeplus.co.kr/list?categoryDepth=3&amp;categoryId=300178">닭볶음탕용</a></li><li id="cat300179" aria-selected="false"><a title="" class="category-text " href="https://mfront.homeplus.co.kr/list?categoryDepth=3&amp;categoryId=300179">백숙용</a></li><li id="cat300180" aria-selected="false"><a title="" class="category-text " href="https://mfront.homeplus.co.kr/list?categoryDepth=3&amp;categoryId=300180">오리고기</a></li></ul><ul role="group" aria-labelledby="cat200050" class="category-item-list-wrap hide"><li id="cat300185" aria-selected="false"><a title="" class="category-text " href="https://mfront.homeplus.co.kr/list?categoryDepth=3&amp;categoryId=300185">삼겹살/목살/구이/수육</a></li><li id="cat300182" aria-selected="false"><a title="" class="category-text " href="https://mfront.homeplus.co.kr/list?categoryDepth=3&amp;categoryId=300182">돈까스/카레/잡채/탕수육</a></li><li id="cat300183" aria-selected="false"><a title="" class="category-text " href="https://mfront.homeplus.co.kr/list?categoryDepth=3&amp;categoryId=300183">불고기/찌개/다짐육</a></li><li id="cat300181" aria-selected="false"><a title="" class="category-text " href="https://mfront.homeplus.co.kr/list?categoryDepth=3&amp;categoryId=300181">갈비/찜/장조림</a></li><li id="cat300184" aria-selected="false"><a title="" class="category-text " href="https://mfront.homeplus.co.kr/list?categoryDepth=3&amp;categoryId=300184">브랜드</a></li></ul><ul role="group" aria-labelledby="cat200051" class="category-item-list-wrap hide"><li id="cat300186" aria-selected="false"><a title="" class="category-text " href="https://mfront.homeplus.co.kr/list?categoryDepth=3&amp;categoryId=300186">구이/스테이크</a></li><li id="cat303404" aria-selected="false"><a title="" class="category-text " href="https://mfront.homeplus.co.kr/list?categoryDepth=3&amp;categoryId=303404">갈비/찜/장조림</a></li><li id="cat300187" aria-selected="false"><a title="" class="category-text " href="https://mfront.homeplus.co.kr/list?categoryDepth=3&amp;categoryId=300187">국거리/불고기/다짐/샤브샤브</a></li><li id="cat300189" aria-selected="false"><a title="" class="category-text " href="https://mfront.homeplus.co.kr/list?categoryDepth=3&amp;categoryId=300189">양고기</a></li></ul><ul role="group" aria-labelledby="cat200048" class="category-item-list-wrap hide"><li id="cat300171" aria-selected="false"><a title="" class="category-text " href="https://mfront.homeplus.co.kr/list?categoryDepth=3&amp;categoryId=300171">계란</a></li><li id="cat300172" aria-selected="false"><a title="" class="category-text " href="https://mfront.homeplus.co.kr/list?categoryDepth=3&amp;categoryId=300172">계란10구/15구</a></li><li id="cat300173" aria-selected="false"><a title="" class="category-text " href="https://mfront.homeplus.co.kr/list?categoryDepth=3&amp;categoryId=300173">계란25구 이상</a></li><li id="cat300174" aria-selected="false"><a title="" class="category-text " href="https://mfront.homeplus.co.kr/list?categoryDepth=3&amp;categoryId=300174">동물복지란/유정란등</a></li><li id="cat300175" aria-selected="false"><a title="" class="category-text " href="https://mfront.homeplus.co.kr/list?categoryDepth=3&amp;categoryId=300175">메추리알</a></li><li id="cat300176" aria-selected="false"><a title="" class="category-text " href="https://mfront.homeplus.co.kr/list?categoryDepth=3&amp;categoryId=300176">훈제/반숙/가공란</a></li></ul><ul role="group" aria-labelledby="cat200052" class="category-item-list-wrap hide"><li id="cat300194" aria-selected="false"><a title="" class="category-text " href="https://mfront.homeplus.co.kr/list?categoryDepth=3&amp;categoryId=300194">양념소고기</a></li><li id="cat300193" aria-selected="false"><a title="" class="category-text " href="https://mfront.homeplus.co.kr/list?categoryDepth=3&amp;categoryId=300193">양념돼지고기</a></li><li id="cat300192" aria-selected="false"><a title="" class="category-text " href="https://mfront.homeplus.co.kr/list?categoryDepth=3&amp;categoryId=300192">양념닭오리</a></li><li id="cat300195" aria-selected="false"><a title="" class="category-text " href="https://mfront.homeplus.co.kr/list?categoryDepth=3&amp;categoryId=300195">훈제오리/훈제돼지</a></li><li id="cat300191" aria-selected="false"><a title="" class="category-text " href="https://mfront.homeplus.co.kr/list?categoryDepth=3&amp;categoryId=300191">돈까스/소시지/떡갈비/스테이크</a></li><li id="cat300190" aria-selected="false"><a title="" class="category-text " href="https://mfront.homeplus.co.kr/list?categoryDepth=3&amp;categoryId=300190">기타 가공육</a></li></ul><ul role="group" aria-labelledby="cat200054" class="category-item-list-wrap hide"><li id="cat300197" aria-selected="false"><a title="" class="category-text " href="https://mfront.homeplus.co.kr/list?categoryDepth=3&amp;categoryId=300197">기타세트</a></li><li id="cat300198" aria-selected="false"><a title="" class="category-text " href="https://mfront.homeplus.co.kr/list?categoryDepth=3&amp;categoryId=300198">한우/수입육</a></li></ul><ul role="group" aria-labelledby="cat200083" class="category-item-list-wrap hide"><li id="cat300315" aria-selected="false"><a title="" class="category-text " href="https://mfront.homeplus.co.kr/list?categoryDepth=3&amp;categoryId=300315">친환경과채류</a></li><li id="cat300316" aria-selected="false"><a title="" class="category-text " href="https://mfront.homeplus.co.kr/list?categoryDepth=3&amp;categoryId=300316">친환경국산과일</a></li><li id="cat300317" aria-selected="false"><a title="" class="category-text " href="https://mfront.homeplus.co.kr/list?categoryDepth=3&amp;categoryId=300317">친환경근채류</a></li><li id="cat300318" aria-selected="false"><a title="" class="category-text " href="https://mfront.homeplus.co.kr/list?categoryDepth=3&amp;categoryId=300318">친환경김장채소</a></li><li id="cat300319" aria-selected="false"><a title="" class="category-text " href="https://mfront.homeplus.co.kr/list?categoryDepth=3&amp;categoryId=300319">친환경버섯류</a></li><li id="cat300320" aria-selected="false"><a title="" class="category-text " href="https://mfront.homeplus.co.kr/list?categoryDepth=3&amp;categoryId=300320">친환경샐러드채소</a></li><li id="cat300321" aria-selected="false"><a title="" class="category-text " href="https://mfront.homeplus.co.kr/list?categoryDepth=3&amp;categoryId=300321">친환경쌈채소</a></li><li id="cat300322" aria-selected="false"><a title="" class="category-text " href="https://mfront.homeplus.co.kr/list?categoryDepth=3&amp;categoryId=300322">친환경엽채류</a></li></ul><ul role="group" aria-labelledby="cat200086" class="category-item-list-wrap hide"><li id="cat300325" aria-selected="false"><a title="" class="category-text " href="https://mfront.homeplus.co.kr/list?categoryDepth=3&amp;categoryId=300325">친환경쌀</a></li><li id="cat300326" aria-selected="false"><a title="" class="category-text " href="https://mfront.homeplus.co.kr/list?categoryDepth=3&amp;categoryId=300326">친환경잡곡</a></li></ul><ul role="group" aria-labelledby="cat200117" class="category-item-list-wrap hide"><li id="cat300435" aria-selected="false"><a title="" class="category-text " href="https://mfront.homeplus.co.kr/list?categoryDepth=3&amp;categoryId=300435">김밥</a></li><li id="cat300436" aria-selected="false"><a title="" class="category-text " href="https://mfront.homeplus.co.kr/list?categoryDepth=3&amp;categoryId=300436">초밥</a></li></ul><ul role="group" aria-labelledby="cat200118" class="category-item-list-wrap hide"><li id="cat300437" aria-selected="false"><a title="" class="category-text " href="https://mfront.homeplus.co.kr/list?categoryDepth=3&amp;categoryId=300437">기타요리</a></li><li id="cat300438" aria-selected="false"><a title="" class="category-text " href="https://mfront.homeplus.co.kr/list?categoryDepth=3&amp;categoryId=300438">델리원재료</a></li><li id="cat300439" aria-selected="false"><a title="" class="category-text " href="https://mfront.homeplus.co.kr/list?categoryDepth=3&amp;categoryId=300439">후라이드/양념/로스트</a></li></ul><ul role="group" aria-labelledby="cat200116" class="category-item-list-wrap hide"><li id="cat300433" aria-selected="false"><a title="" class="category-text " href="https://mfront.homeplus.co.kr/list?categoryDepth=3&amp;categoryId=300433">사이드메뉴</a></li><li id="cat300434" aria-selected="false"><a title="" class="category-text " href="https://mfront.homeplus.co.kr/list?categoryDepth=3&amp;categoryId=300434">샌드위치</a></li></ul><ul role="group" aria-labelledby="cat200059" class="category-item-list-wrap hide"><li id="cat300209" aria-selected="false"><a title="" class="category-text " href="https://mfront.homeplus.co.kr/list?categoryDepth=3&amp;categoryId=300209">기능강화우유&amp;어린이우유</a></li><li id="cat300210" aria-selected="false"><a title="" class="category-text " href="https://mfront.homeplus.co.kr/list?categoryDepth=3&amp;categoryId=300210">딸기/초코/바나나/기타 우유</a></li><li id="cat300211" aria-selected="false"><a title="" class="category-text " href="https://mfront.homeplus.co.kr/list?categoryDepth=3&amp;categoryId=300211">멸균우유</a></li><li id="cat300212" aria-selected="false"><a title="" class="category-text " href="https://mfront.homeplus.co.kr/list?categoryDepth=3&amp;categoryId=300212">흰우유/저지방우유</a></li></ul><ul role="group" aria-labelledby="cat200058" class="category-item-list-wrap hide"><li id="cat300207" aria-selected="false"><a title="" class="category-text " href="https://mfront.homeplus.co.kr/list?categoryDepth=3&amp;categoryId=300207">떠먹는 요구르트</a></li><li id="cat300208" aria-selected="false"><a title="" class="category-text " href="https://mfront.homeplus.co.kr/list?categoryDepth=3&amp;categoryId=300208">마시는 요구르트</a></li></ul><ul role="group" aria-labelledby="cat200057" class="category-item-list-wrap hide"><li id="cat300205" aria-selected="false"><a title="" class="category-text " href="https://mfront.homeplus.co.kr/list?categoryDepth=3&amp;categoryId=300205">영유아두유</a></li><li id="cat300206" aria-selected="false"><a title="" class="category-text " href="https://mfront.homeplus.co.kr/list?categoryDepth=3&amp;categoryId=300206">일반두유</a></li></ul><ul role="group" aria-labelledby="cat200060" class="category-item-list-wrap hide"><li id="cat300213" aria-selected="false"><a title="" class="category-text " href="https://mfront.homeplus.co.kr/list?categoryDepth=3&amp;categoryId=300213">스트링/과일/스낵치즈</a></li><li id="cat300214" aria-selected="false"><a title="" class="category-text " href="https://mfront.homeplus.co.kr/list?categoryDepth=3&amp;categoryId=300214">버터</a></li><li id="cat300215" aria-selected="false"><a title="" class="category-text " href="https://mfront.homeplus.co.kr/list?categoryDepth=3&amp;categoryId=300215">생크림/휘핑크림</a></li><li id="cat300216" aria-selected="false"><a title="" class="category-text " href="https://mfront.homeplus.co.kr/list?categoryDepth=3&amp;categoryId=300216">슬라이스 치즈</a></li><li id="cat300217" aria-selected="false"><a title="" class="category-text " href="https://mfront.homeplus.co.kr/list?categoryDepth=3&amp;categoryId=300217">크림/자연치즈</a></li><li id="cat300218" aria-selected="false"><a title="" class="category-text " href="https://mfront.homeplus.co.kr/list?categoryDepth=3&amp;categoryId=300218">슈레드/피자치즈/파마산</a></li></ul><ul role="group" aria-labelledby="cat200056" class="category-item-list-wrap hide"><li id="cat300202" aria-selected="false"><a title="" class="category-text " href="https://mfront.homeplus.co.kr/list?categoryDepth=3&amp;categoryId=300202">냉장주스</a></li><li id="cat300203" aria-selected="false"><a title="" class="category-text " href="https://mfront.homeplus.co.kr/list?categoryDepth=3&amp;categoryId=300203">신선음료</a></li><li id="cat300204" aria-selected="false"><a title="" class="category-text " href="https://mfront.homeplus.co.kr/list?categoryDepth=3&amp;categoryId=300204">푸딩디저트류</a></li><li id="cat303547" aria-selected="false"><a title="" class="category-text " href="https://mfront.homeplus.co.kr/list?categoryDepth=3&amp;categoryId=303547">냉장커피</a></li></ul><ul role="group" aria-labelledby="cat200070" class="category-item-list-wrap hide"><li id="cat300242" aria-selected="false"><a title="" class="category-text " href="https://mfront.homeplus.co.kr/list?categoryDepth=3&amp;categoryId=300242">너겟/치킨</a></li><li id="cat300243" aria-selected="false"><a title="" class="category-text " href="https://mfront.homeplus.co.kr/list?categoryDepth=3&amp;categoryId=300243">돈까스/생선까스/탕수육/김말이/기타</a></li><li id="cat300244" aria-selected="false"><a title="" class="category-text " href="https://mfront.homeplus.co.kr/list?categoryDepth=3&amp;categoryId=300244">떡갈비/동그랑땡&amp;완자/함박스테이크</a></li></ul><ul role="group" aria-labelledby="cat200669" class="category-item-list-wrap hide"><li id="cat303604" aria-selected="false"><a title="" class="category-text " href="https://mfront.homeplus.co.kr/list?categoryDepth=3&amp;categoryId=303604">냉동감자/치즈스틱</a></li><li id="cat300257" aria-selected="false"><a title="" class="category-text " href="https://mfront.homeplus.co.kr/list?categoryDepth=3&amp;categoryId=300257">피자/브리또</a></li><li id="cat300258" aria-selected="false"><a title="" class="category-text " href="https://mfront.homeplus.co.kr/list?categoryDepth=3&amp;categoryId=300258">핫도그</a></li><li id="cat303602" aria-selected="false"><a title="" class="category-text " href="https://mfront.homeplus.co.kr/list?categoryDepth=3&amp;categoryId=303602">치킨</a></li></ul><ul role="group" aria-labelledby="cat200069" class="category-item-list-wrap hide"><li id="cat303617" aria-selected="false"><a title="" class="category-text " href="https://mfront.homeplus.co.kr/list?categoryDepth=3&amp;categoryId=303617">냉동밥/덮밥류</a></li><li id="cat300241" aria-selected="false"><a title="" class="category-text " href="https://mfront.homeplus.co.kr/list?categoryDepth=3&amp;categoryId=300241">죽/스프</a></li></ul><ul role="group" aria-labelledby="cat200670" class="category-item-list-wrap hide"><li id="cat300251" aria-selected="false"><a title="" class="category-text " href="https://mfront.homeplus.co.kr/list?categoryDepth=3&amp;categoryId=300251">떡국떡/떡볶이떡</a></li><li id="cat300250" aria-selected="false"><a title="" class="category-text " href="https://mfront.homeplus.co.kr/list?categoryDepth=3&amp;categoryId=300250">냉면/소바</a></li><li id="cat300245" aria-selected="false"><a title="" class="category-text " href="https://mfront.homeplus.co.kr/list?categoryDepth=3&amp;categoryId=300245">국수/칼국수/우동</a></li><li id="cat303603" aria-selected="false"><a title="" class="category-text " href="https://mfront.homeplus.co.kr/list?categoryDepth=3&amp;categoryId=303603">짜장/짬뽕/스파게티</a></li></ul><ul role="group" aria-labelledby="cat200071" class="category-item-list-wrap hide"><li id="cat300252" aria-selected="false"><a title="" class="category-text " href="https://mfront.homeplus.co.kr/list?categoryDepth=3&amp;categoryId=300252">한식밀키트</a></li><li id="cat303605" aria-selected="false"><a title="" class="category-text " href="https://mfront.homeplus.co.kr/list?categoryDepth=3&amp;categoryId=303605">글로벌밀키트</a></li><li id="cat303606" aria-selected="false"><a title="" class="category-text " href="https://mfront.homeplus.co.kr/list?categoryDepth=3&amp;categoryId=303606">유명맛집</a></li></ul><ul role="group" aria-labelledby="cat200671" class="category-item-list-wrap hide"><li id="cat300254" aria-selected="false"><a title="" class="category-text " href="https://mfront.homeplus.co.kr/list?categoryDepth=3&amp;categoryId=300254">안주/전류/떡</a></li><li id="cat300253" aria-selected="false"><a title="" class="category-text " href="https://mfront.homeplus.co.kr/list?categoryDepth=3&amp;categoryId=300253">볶음/찜/국/탕</a></li></ul><ul role="group" aria-labelledby="cat200072" class="category-item-list-wrap hide"><li id="cat300259" aria-selected="false"><a title="" class="category-text " href="https://mfront.homeplus.co.kr/list?categoryDepth=3&amp;categoryId=300259">교자만두/군만두</a></li><li id="cat300260" aria-selected="false"><a title="" class="category-text " href="https://mfront.homeplus.co.kr/list?categoryDepth=3&amp;categoryId=300260">물만두/찐만두</a></li><li id="cat300261" aria-selected="false"><a title="" class="category-text " href="https://mfront.homeplus.co.kr/list?categoryDepth=3&amp;categoryId=300261">진빵/만두피/화권/완탕/스프링롤</a></li></ul><ul role="group" aria-labelledby="cat200097" class="category-item-list-wrap hide"><li id="cat300367" aria-selected="false"><a title="" class="category-text " href="https://mfront.homeplus.co.kr/list?categoryDepth=3&amp;categoryId=300367">디저트</a></li><li id="cat300368" aria-selected="false"><a title="" class="category-text " href="https://mfront.homeplus.co.kr/list?categoryDepth=3&amp;categoryId=300368">아이스바/콘/슬러시/기타</a></li><li id="cat300369" aria-selected="false"><a title="" class="category-text " href="https://mfront.homeplus.co.kr/list?categoryDepth=3&amp;categoryId=300369">얼음</a></li><li id="cat300370" aria-selected="false"><a title="" class="category-text " href="https://mfront.homeplus.co.kr/list?categoryDepth=3&amp;categoryId=300370">통아이스크림</a></li><li id="cat300371" aria-selected="false"><a title="" class="category-text " href="https://mfront.homeplus.co.kr/list?categoryDepth=3&amp;categoryId=300371">프리미엄아이스크림</a></li></ul><ul role="group" aria-labelledby="cat200063" class="category-item-list-wrap hide"><li id="cat300223" aria-selected="false"><a title="" class="category-text " href="https://mfront.homeplus.co.kr/list?categoryDepth=3&amp;categoryId=300223">낫또/묵</a></li><li id="cat300224" aria-selected="false"><a title="" class="category-text " href="https://mfront.homeplus.co.kr/list?categoryDepth=3&amp;categoryId=300224">두부키트류</a></li><li id="cat300225" aria-selected="false"><a title="" class="category-text " href="https://mfront.homeplus.co.kr/list?categoryDepth=3&amp;categoryId=300225">부침/찌개용두부</a></li><li id="cat300226" aria-selected="false"><a title="" class="category-text " href="https://mfront.homeplus.co.kr/list?categoryDepth=3&amp;categoryId=300226">순두부/연두부</a></li><li id="cat300227" aria-selected="false"><a title="" class="category-text " href="https://mfront.homeplus.co.kr/list?categoryDepth=3&amp;categoryId=300227">콩나물/숙주</a></li></ul><ul role="group" aria-labelledby="cat200068" class="category-item-list-wrap hide"><li id="cat300236" aria-selected="false"><a title="" class="category-text " href="https://mfront.homeplus.co.kr/list?categoryDepth=3&amp;categoryId=300236">닭가슴살/훈제오리</a></li><li id="cat300237" aria-selected="false"><a title="" class="category-text " href="https://mfront.homeplus.co.kr/list?categoryDepth=3&amp;categoryId=300237">베이컨</a></li><li id="cat300238" aria-selected="false"><a title="" class="category-text " href="https://mfront.homeplus.co.kr/list?categoryDepth=3&amp;categoryId=300238">비엔나/후랑크/동그랑땡</a></li><li id="cat300239" aria-selected="false"><a title="" class="category-text " href="https://mfront.homeplus.co.kr/list?categoryDepth=3&amp;categoryId=300239">햄/분절햄/슬라이스햄/김밥햄</a></li></ul><ul role="group" aria-labelledby="cat200067" class="category-item-list-wrap hide"><li id="cat300235" aria-selected="false"><a title="" class="category-text " href="https://mfront.homeplus.co.kr/list?categoryDepth=3&amp;categoryId=300235">유부초밥/김밥재료</a></li></ul><ul role="group" aria-labelledby="cat200066" class="category-item-list-wrap hide"><li id="cat300233" aria-selected="false"><a title="" class="category-text " href="https://mfront.homeplus.co.kr/list?categoryDepth=3&amp;categoryId=300233">맛살</a></li><li id="cat300234" aria-selected="false"><a title="" class="category-text " href="https://mfront.homeplus.co.kr/list?categoryDepth=3&amp;categoryId=300234">어묵</a></li><li id="cat303628" aria-selected="false"><a title="" class="category-text " href="https://mfront.homeplus.co.kr/list?categoryDepth=3&amp;categoryId=303628">단무지</a></li></ul><ul role="group" aria-labelledby="cat200064" class="category-item-list-wrap hide"><li id="cat300228" aria-selected="false"><a title="" class="category-text " href="https://mfront.homeplus.co.kr/list?categoryDepth=3&amp;categoryId=300228">절임반찬/피클류</a></li><li id="cat300229" aria-selected="false"><a title="" class="category-text " href="https://mfront.homeplus.co.kr/list?categoryDepth=3&amp;categoryId=300229">젓갈류</a></li><li id="cat300230" aria-selected="false"><a title="" class="category-text " href="https://mfront.homeplus.co.kr/list?categoryDepth=3&amp;categoryId=300230">조림/볶음/기타반찬류</a></li><li id="cat303626" aria-selected="false"><a title="" class="category-text " href="https://mfront.homeplus.co.kr/list?categoryDepth=3&amp;categoryId=303626">즉석반찬 (삼청동식탁)</a></li></ul><ul role="group" aria-labelledby="cat200061" class="category-item-list-wrap hide"><li id="cat300219" aria-selected="false"><a title="" class="category-text " href="https://mfront.homeplus.co.kr/list?categoryDepth=3&amp;categoryId=300219">무김치/기타김치</a></li><li id="cat300220" aria-selected="false"><a title="" class="category-text " href="https://mfront.homeplus.co.kr/list?categoryDepth=3&amp;categoryId=300220">배추김치</a></li></ul><ul role="group" aria-labelledby="cat200062" class="category-item-list-wrap hide"><li id="cat300221" aria-selected="false"><a title="" class="category-text " href="https://mfront.homeplus.co.kr/list?categoryDepth=3&amp;categoryId=300221">냉장소스</a></li><li id="cat300222" aria-selected="false"><a title="" class="category-text " href="https://mfront.homeplus.co.kr/list?categoryDepth=3&amp;categoryId=300222">냉장장류</a></li></ul><ul role="group" aria-labelledby="cat200114" class="category-item-list-wrap hide"><li id="cat300428" aria-selected="false"><a title="" class="category-text " href="https://mfront.homeplus.co.kr/list?categoryDepth=3&amp;categoryId=300428">믹스커피/프림</a></li><li id="cat300426" aria-selected="false"><a title="" class="category-text " href="https://mfront.homeplus.co.kr/list?categoryDepth=3&amp;categoryId=300426">라떼/프리미엄커피</a></li></ul><ul role="group" aria-labelledby="cat200110" class="category-item-list-wrap hide"><li id="cat300417" aria-selected="false"><a title="" class="category-text " href="https://mfront.homeplus.co.kr/list?categoryDepth=3&amp;categoryId=300417">분쇄커피</a></li><li id="cat300418" aria-selected="false"><a title="" class="category-text " href="https://mfront.homeplus.co.kr/list?categoryDepth=3&amp;categoryId=300418">홀빈커피</a></li><li id="cat303577" aria-selected="false"><a title="" class="category-text " href="https://mfront.homeplus.co.kr/list?categoryDepth=3&amp;categoryId=303577">캡슐커피</a></li></ul><ul role="group" aria-labelledby="cat200108" class="category-item-list-wrap hide"><li id="cat300412" aria-selected="false"><a title="" class="category-text " href="https://mfront.homeplus.co.kr/list?categoryDepth=3&amp;categoryId=300412">드립커피</a></li><li id="cat300411" aria-selected="false"><a title="" class="category-text " href="https://mfront.homeplus.co.kr/list?categoryDepth=3&amp;categoryId=300411">더치커피</a></li></ul><ul role="group" aria-labelledby="cat200106" class="category-item-list-wrap hide"><li id="cat300407" aria-selected="false"><a title="" class="category-text " href="https://mfront.homeplus.co.kr/list?categoryDepth=3&amp;categoryId=300407">캔/PET커피</a></li></ul><ul role="group" aria-labelledby="cat200107" class="category-item-list-wrap hide"><li id="cat300408" aria-selected="false"><a title="" class="category-text " href="https://mfront.homeplus.co.kr/list?categoryDepth=3&amp;categoryId=300408">녹차</a></li><li id="cat300410" aria-selected="false"><a title="" class="category-text " href="https://mfront.homeplus.co.kr/list?categoryDepth=3&amp;categoryId=300410">보리차/둥글레차</a></li><li id="cat300409" aria-selected="false"><a title="" class="category-text " href="https://mfront.homeplus.co.kr/list?categoryDepth=3&amp;categoryId=300409">메밀/옥수수/뿌리차</a></li><li id="cat300432" aria-selected="false"><a title="" class="category-text " href="https://mfront.homeplus.co.kr/list?categoryDepth=3&amp;categoryId=300432">홍차/아이스티</a></li><li id="cat300416" aria-selected="false"><a title="" class="category-text " href="https://mfront.homeplus.co.kr/list?categoryDepth=3&amp;categoryId=300416">허브차</a></li><li id="cat300415" aria-selected="false"><a title="" class="category-text " href="https://mfront.homeplus.co.kr/list?categoryDepth=3&amp;categoryId=300415">보이차</a></li><li id="cat300414" aria-selected="false"><a title="" class="category-text " href="https://mfront.homeplus.co.kr/list?categoryDepth=3&amp;categoryId=300414">국화/아카시아차/꽃차</a></li></ul><ul role="group" aria-labelledby="cat200111" class="category-item-list-wrap hide"><li id="cat300421" aria-selected="false"><a title="" class="category-text " href="https://mfront.homeplus.co.kr/list?categoryDepth=3&amp;categoryId=300421">율무/견과/전통차</a></li><li id="cat300420" aria-selected="false"><a title="" class="category-text " href="https://mfront.homeplus.co.kr/list?categoryDepth=3&amp;categoryId=300420">액상차/농축액</a></li><li id="cat300419" aria-selected="false"><a title="" class="category-text " href="https://mfront.homeplus.co.kr/list?categoryDepth=3&amp;categoryId=300419">꿀</a></li></ul><ul role="group" aria-labelledby="cat200115" class="category-item-list-wrap hide"><li id="cat300431" aria-selected="false"><a title="" class="category-text " href="https://mfront.homeplus.co.kr/list?categoryDepth=3&amp;categoryId=300431">코코아</a></li><li id="cat300430" aria-selected="false"><a title="" class="category-text " href="https://mfront.homeplus.co.kr/list?categoryDepth=3&amp;categoryId=300430">가향분말류</a></li></ul><ul role="group" aria-labelledby="cat200100" class="category-item-list-wrap hide"><li id="cat300381" aria-selected="false"><a title="" class="category-text " href="https://mfront.homeplus.co.kr/list?categoryDepth=3&amp;categoryId=300381">생수</a></li><li id="cat300383" aria-selected="false"><a title="" class="category-text " href="https://mfront.homeplus.co.kr/list?categoryDepth=3&amp;categoryId=300383">탄산수</a></li></ul><ul role="group" aria-labelledby="cat200104" class="category-item-list-wrap hide"><li id="cat300394" aria-selected="false"><a title="" class="category-text " href="https://mfront.homeplus.co.kr/list?categoryDepth=3&amp;categoryId=300394">수입주스/음료</a></li><li id="cat300395" aria-selected="false"><a title="" class="category-text " href="https://mfront.homeplus.co.kr/list?categoryDepth=3&amp;categoryId=300395">야채주스 (토마토 외)</a></li><li id="cat300396" aria-selected="false"><a title="" class="category-text " href="https://mfront.homeplus.co.kr/list?categoryDepth=3&amp;categoryId=300396">어린이음료</a></li><li id="cat300397" aria-selected="false"><a title="" class="category-text " href="https://mfront.homeplus.co.kr/list?categoryDepth=3&amp;categoryId=300397">오렌지주스/감귤주스</a></li><li id="cat300398" aria-selected="false"><a title="" class="category-text " href="https://mfront.homeplus.co.kr/list?categoryDepth=3&amp;categoryId=300398">음료선물세트</a></li><li id="cat300399" aria-selected="false"><a title="" class="category-text " href="https://mfront.homeplus.co.kr/list?categoryDepth=3&amp;categoryId=300399">포도/사과/매실/기타</a></li></ul><ul role="group" aria-labelledby="cat200105" class="category-item-list-wrap hide"><li id="cat300400" aria-selected="false"><a title="" class="category-text " href="https://mfront.homeplus.co.kr/list?categoryDepth=3&amp;categoryId=300400">무알콜맥주/와인</a></li><li id="cat300401" aria-selected="false"><a title="" class="category-text " href="https://mfront.homeplus.co.kr/list?categoryDepth=3&amp;categoryId=300401">비타민/에너지음료</a></li><li id="cat300402" aria-selected="false"><a title="" class="category-text " href="https://mfront.homeplus.co.kr/list?categoryDepth=3&amp;categoryId=300402">숙취음료(컨디션)</a></li><li id="cat300403" aria-selected="false"><a title="" class="category-text " href="https://mfront.homeplus.co.kr/list?categoryDepth=3&amp;categoryId=300403">이온음료/화이바</a></li><li id="cat300404" aria-selected="false"><a title="" class="category-text " href="https://mfront.homeplus.co.kr/list?categoryDepth=3&amp;categoryId=300404">콜라/사이다</a></li><li id="cat300405" aria-selected="false"><a title="" class="category-text " href="https://mfront.homeplus.co.kr/list?categoryDepth=3&amp;categoryId=300405">탄산수/토닉워터</a></li><li id="cat300406" aria-selected="false"><a title="" class="category-text " href="https://mfront.homeplus.co.kr/list?categoryDepth=3&amp;categoryId=300406">탄산음료</a></li></ul><ul role="group" aria-labelledby="cat200102" class="category-item-list-wrap hide"><li id="cat300385" aria-selected="false"><a title="" class="category-text " href="https://mfront.homeplus.co.kr/list?categoryDepth=3&amp;categoryId=300385">기타 음료</a></li><li id="cat300386" aria-selected="false"><a title="" class="category-text " href="https://mfront.homeplus.co.kr/list?categoryDepth=3&amp;categoryId=300386">녹차/홍차/티음료</a></li><li id="cat300387" aria-selected="false"><a title="" class="category-text " href="https://mfront.homeplus.co.kr/list?categoryDepth=3&amp;categoryId=300387">식혜/수정과/쌀음료</a></li></ul><ul role="group" aria-labelledby="cat200103" class="category-item-list-wrap hide"><li id="cat300390" aria-selected="false"><a title="" class="category-text " href="https://mfront.homeplus.co.kr/list?categoryDepth=3&amp;categoryId=300390">약주/탁주</a></li><li id="cat300388" aria-selected="false"><a title="" class="category-text " href="https://mfront.homeplus.co.kr/list?categoryDepth=3&amp;categoryId=300388">과실주</a></li><li id="cat300391" aria-selected="false"><a title="" class="category-text " href="https://mfront.homeplus.co.kr/list?categoryDepth=3&amp;categoryId=300391">전통소주</a></li><li id="cat300392" aria-selected="false"><a title="" class="category-text " href="https://mfront.homeplus.co.kr/list?categoryDepth=3&amp;categoryId=300392">전통주세트/기타</a></li></ul><ul role="group" aria-labelledby="cat200678" class="category-item-list-wrap hide"><li id="cat303680" aria-selected="false"><a title="" class="category-text " href="https://mfront.homeplus.co.kr/list?categoryDepth=3&amp;categoryId=303680">레드와인</a></li><li id="cat303681" aria-selected="false"><a title="" class="category-text " href="https://mfront.homeplus.co.kr/list?categoryDepth=3&amp;categoryId=303681">화이트와인</a></li><li id="cat303682" aria-selected="false"><a title="" class="category-text " href="https://mfront.homeplus.co.kr/list?categoryDepth=3&amp;categoryId=303682">로제/스파클링와인</a></li></ul><ul role="group" aria-labelledby="cat200679" class="category-item-list-wrap hide"><li id="cat303683" aria-selected="false"><a title="" class="category-text " href="https://mfront.homeplus.co.kr/list?categoryDepth=3&amp;categoryId=303683">위스키</a></li><li id="cat303684" aria-selected="false"><a title="" class="category-text " href="https://mfront.homeplus.co.kr/list?categoryDepth=3&amp;categoryId=303684">리큐르/브랜디</a></li><li id="cat303685" aria-selected="false"><a title="" class="category-text " href="https://mfront.homeplus.co.kr/list?categoryDepth=3&amp;categoryId=303685">세계명주</a></li></ul><ul role="group" aria-labelledby="cat200095" class="category-item-list-wrap hide"><li id="cat300356" aria-selected="false"><a title="" class="category-text " href="https://mfront.homeplus.co.kr/list?categoryDepth=3&amp;categoryId=300356">감자/고구마 과자</a></li><li id="cat300357" aria-selected="false"><a title="" class="category-text " href="https://mfront.homeplus.co.kr/list?categoryDepth=3&amp;categoryId=300357">나쵸/팝콘/옥수수과자</a></li><li id="cat300358" aria-selected="false"><a title="" class="category-text " href="https://mfront.homeplus.co.kr/list?categoryDepth=3&amp;categoryId=300358">비스켓/쿠키/프레첼</a></li><li id="cat300360" aria-selected="false"><a title="" class="category-text " href="https://mfront.homeplus.co.kr/list?categoryDepth=3&amp;categoryId=300360">샌드/웨하스</a></li><li id="cat300361" aria-selected="false"><a title="" class="category-text " href="https://mfront.homeplus.co.kr/list?categoryDepth=3&amp;categoryId=300361">쌀/곡물 과자</a></li><li id="cat300363" aria-selected="false"><a title="" class="category-text " href="https://mfront.homeplus.co.kr/list?categoryDepth=3&amp;categoryId=300363">일반과자</a></li><li id="cat300364" aria-selected="false"><a title="" class="category-text " href="https://mfront.homeplus.co.kr/list?categoryDepth=3&amp;categoryId=300364">파이/케이크류</a></li></ul><ul role="group" aria-labelledby="cat200127" class="category-item-list-wrap hide"><li id="cat300455" aria-selected="false"><a title="" class="category-text " href="https://mfront.homeplus.co.kr/list?categoryDepth=3&amp;categoryId=300455">전통과자/만쥬</a></li><li id="cat300456" aria-selected="false"><a title="" class="category-text " href="https://mfront.homeplus.co.kr/list?categoryDepth=3&amp;categoryId=300456">한과</a></li><li id="cat300362" aria-selected="false"><a title="" class="category-text " href="https://mfront.homeplus.co.kr/list?categoryDepth=3&amp;categoryId=300362">안주/옛날과자</a></li></ul><ul role="group" aria-labelledby="cat200098" class="category-item-list-wrap hide"><li id="cat300372" aria-selected="false"><a title="" class="category-text " href="https://mfront.homeplus.co.kr/list?categoryDepth=3&amp;categoryId=300372">시리얼바/에너지바</a></li><li id="cat300373" aria-selected="false"><a title="" class="category-text " href="https://mfront.homeplus.co.kr/list?categoryDepth=3&amp;categoryId=300373">어린이용 시리얼</a></li><li id="cat300375" aria-selected="false"><a title="" class="category-text " href="https://mfront.homeplus.co.kr/list?categoryDepth=3&amp;categoryId=300375">일반/곡물 시리얼</a></li><li id="cat300376" aria-selected="false"><a title="" class="category-text " href="https://mfront.homeplus.co.kr/list?categoryDepth=3&amp;categoryId=300376">체중조절용 시리얼</a></li><li id="cat303562" aria-selected="false"><a title="" class="category-text " href="https://mfront.homeplus.co.kr/list?categoryDepth=3&amp;categoryId=303562">간식용소시지</a></li></ul><ul role="group" aria-labelledby="cat200099" class="category-item-list-wrap hide"><li id="cat300377" aria-selected="false"><a title="" class="category-text " href="https://mfront.homeplus.co.kr/list?categoryDepth=3&amp;categoryId=300377">껌</a></li><li id="cat300378" aria-selected="false"><a title="" class="category-text " href="https://mfront.homeplus.co.kr/list?categoryDepth=3&amp;categoryId=300378">젤리/푸딩</a></li><li id="cat300379" aria-selected="false"><a title="" class="category-text " href="https://mfront.homeplus.co.kr/list?categoryDepth=3&amp;categoryId=300379">초콜릿</a></li><li id="cat300380" aria-selected="false"><a title="" class="category-text " href="https://mfront.homeplus.co.kr/list?categoryDepth=3&amp;categoryId=300380">캔디</a></li></ul><ul role="group" aria-labelledby="cat200123" class="category-item-list-wrap hide"><li id="cat300445" aria-selected="false"><a title="" class="category-text " href="https://mfront.homeplus.co.kr/list?categoryDepth=3&amp;categoryId=300445">식빵</a></li><li id="cat303579" aria-selected="false"><a title="" class="category-text " href="https://mfront.homeplus.co.kr/list?categoryDepth=3&amp;categoryId=303579">모닝롤</a></li><li id="cat303580" aria-selected="false"><a title="" class="category-text " href="https://mfront.homeplus.co.kr/list?categoryDepth=3&amp;categoryId=303580">베이글</a></li></ul><ul role="group" aria-labelledby="cat200126" class="category-item-list-wrap hide"><li id="cat300454" aria-selected="false"><a title="" class="category-text " href="https://mfront.homeplus.co.kr/list?categoryDepth=3&amp;categoryId=300454">케이크</a></li><li id="cat303581" aria-selected="false"><a title="" class="category-text " href="https://mfront.homeplus.co.kr/list?categoryDepth=3&amp;categoryId=303581">머핀</a></li><li id="cat303412" aria-selected="false"><a title="" class="category-text " href="https://mfront.homeplus.co.kr/list?categoryDepth=3&amp;categoryId=303412">쿠키</a></li></ul><ul role="group" aria-labelledby="cat200122" class="category-item-list-wrap hide"><li id="cat300444" aria-selected="false"><a title="" class="category-text " href="https://mfront.homeplus.co.kr/list?categoryDepth=3&amp;categoryId=300444">베이커리생지</a></li><li id="cat303578" aria-selected="false"><a title="" class="category-text " href="https://mfront.homeplus.co.kr/list?categoryDepth=3&amp;categoryId=303578">냉동생지</a></li></ul><ul role="group" aria-labelledby="cat200124" class="category-item-list-wrap hide"><li id="cat300447" aria-selected="false"><a title="" class="category-text " href="https://mfront.homeplus.co.kr/list?categoryDepth=3&amp;categoryId=300447">기타빵</a></li><li id="cat300450" aria-selected="false"><a title="" class="category-text " href="https://mfront.homeplus.co.kr/list?categoryDepth=3&amp;categoryId=300450">호빵/호떡</a></li></ul><ul role="group" aria-labelledby="cat200125" class="category-item-list-wrap hide"><li id="cat303410" aria-selected="false"><a title="" class="category-text " href="https://mfront.homeplus.co.kr/list?categoryDepth=3&amp;categoryId=303410">과일잼</a></li><li id="cat300452" aria-selected="false"><a title="" class="category-text " href="https://mfront.homeplus.co.kr/list?categoryDepth=3&amp;categoryId=300452">땅콩쨈</a></li><li id="cat300453" aria-selected="false"><a title="" class="category-text " href="https://mfront.homeplus.co.kr/list?categoryDepth=3&amp;categoryId=300453">스프레드</a></li></ul><ul role="group" aria-labelledby="cat200091" class="category-item-list-wrap hide"><li id="cat303627" aria-selected="false"><a title="" class="category-text " href="https://mfront.homeplus.co.kr/list?categoryDepth=3&amp;categoryId=303627">수입면류</a></li><li id="cat300342" aria-selected="false"><a title="" class="category-text " href="https://mfront.homeplus.co.kr/list?categoryDepth=3&amp;categoryId=300342">일반라면/비빔라면</a></li><li id="cat300343" aria-selected="false"><a title="" class="category-text " href="https://mfront.homeplus.co.kr/list?categoryDepth=3&amp;categoryId=300343">짜장라면/우동라면</a></li><li id="cat300344" aria-selected="false"><a title="" class="category-text " href="https://mfront.homeplus.co.kr/list?categoryDepth=3&amp;categoryId=300344">컵라면</a></li></ul><ul role="group" aria-labelledby="cat200089" class="category-item-list-wrap hide"><li id="cat300331" aria-selected="false"><a title="" class="category-text " href="https://mfront.homeplus.co.kr/list?categoryDepth=3&amp;categoryId=300331">당면/소면/메밀면</a></li><li id="cat300332" aria-selected="false"><a title="" class="category-text " href="https://mfront.homeplus.co.kr/list?categoryDepth=3&amp;categoryId=300332">쌀국수/월남쌈</a></li><li id="cat300333" aria-selected="false"><a title="" class="category-text " href="https://mfront.homeplus.co.kr/list?categoryDepth=3&amp;categoryId=300333">즉석면요리</a></li><li id="cat300334" aria-selected="false"><a title="" class="category-text " href="https://mfront.homeplus.co.kr/list?categoryDepth=3&amp;categoryId=300334">파스타/스파게티면</a></li></ul><ul role="group" aria-labelledby="cat200093" class="category-item-list-wrap hide"><li id="cat300351" aria-selected="false"><a title="" class="category-text " href="https://mfront.homeplus.co.kr/list?categoryDepth=3&amp;categoryId=300351">즉석국</a></li><li id="cat303409" aria-selected="false"><a title="" class="category-text " href="https://mfront.homeplus.co.kr/list?categoryDepth=3&amp;categoryId=303409">죽/스프</a></li><li id="cat300352" aria-selected="false"><a title="" class="category-text " href="https://mfront.homeplus.co.kr/list?categoryDepth=3&amp;categoryId=300352">즉석밥</a></li><li id="cat300353" aria-selected="false"><a title="" class="category-text " href="https://mfront.homeplus.co.kr/list?categoryDepth=3&amp;categoryId=300353">컵밥/국밥/덮밥</a></li><li id="cat303584" aria-selected="false"><a title="" class="category-text " href="https://mfront.homeplus.co.kr/list?categoryDepth=3&amp;categoryId=303584">즉석식품</a></li><li id="cat303585" aria-selected="false"><a title="" class="category-text " href="https://mfront.homeplus.co.kr/list?categoryDepth=3&amp;categoryId=303585">누룽지</a></li></ul><ul role="group" aria-labelledby="cat200094" class="category-item-list-wrap hide"><li id="cat300354" aria-selected="false"><a title="" class="category-text " href="https://mfront.homeplus.co.kr/list?categoryDepth=3&amp;categoryId=300354">카레/짜장/밥양념</a></li></ul><ul role="group" aria-labelledby="cat200092" class="category-item-list-wrap hide"><li id="cat300345" aria-selected="false"><a title="" class="category-text " href="https://mfront.homeplus.co.kr/list?categoryDepth=3&amp;categoryId=300345">골뱅이/소라/꼬막</a></li><li id="cat300348" aria-selected="false"><a title="" class="category-text " href="https://mfront.homeplus.co.kr/list?categoryDepth=3&amp;categoryId=300348">번데기/장조림/반찬</a></li><li id="cat300349" aria-selected="false"><a title="" class="category-text " href="https://mfront.homeplus.co.kr/list?categoryDepth=3&amp;categoryId=300349">스팸/햄/닭가슴살캔</a></li><li id="cat300350" aria-selected="false"><a title="" class="category-text " href="https://mfront.homeplus.co.kr/list?categoryDepth=3&amp;categoryId=300350">참치/꽁치/고등어</a></li></ul><ul role="group" aria-labelledby="cat200090" class="category-item-list-wrap hide"><li id="cat300335" aria-selected="false"><a title="" class="category-text " href="https://mfront.homeplus.co.kr/list?categoryDepth=3&amp;categoryId=300335">복숭아/포도</a></li><li id="cat300337" aria-selected="false"><a title="" class="category-text " href="https://mfront.homeplus.co.kr/list?categoryDepth=3&amp;categoryId=300337">스위트콘/콩류/기타</a></li><li id="cat300338" aria-selected="false"><a title="" class="category-text " href="https://mfront.homeplus.co.kr/list?categoryDepth=3&amp;categoryId=300338">열대/기타과일</a></li><li id="cat300339" aria-selected="false"><a title="" class="category-text " href="https://mfront.homeplus.co.kr/list?categoryDepth=3&amp;categoryId=300339">파인애플/후르츠칵테일</a></li><li id="cat300340" aria-selected="false"><a title="" class="category-text " href="https://mfront.homeplus.co.kr/list?categoryDepth=3&amp;categoryId=300340">피클/올리브/할라피뇨/기타</a></li></ul><ul role="group" aria-labelledby="cat200074" class="category-item-list-wrap hide"><li id="cat300267" aria-selected="false"><a title="" class="category-text " href="https://mfront.homeplus.co.kr/list?categoryDepth=3&amp;categoryId=300267">간장</a></li><li id="cat300268" aria-selected="false"><a title="" class="category-text " href="https://mfront.homeplus.co.kr/list?categoryDepth=3&amp;categoryId=300268">고추장/초고추장</a></li><li id="cat300269" aria-selected="false"><a title="" class="category-text " href="https://mfront.homeplus.co.kr/list?categoryDepth=3&amp;categoryId=300269">된장/쌈장</a></li></ul><ul role="group" aria-labelledby="cat200081" class="category-item-list-wrap hide"><li id="cat300298" aria-selected="false"><a title="" class="category-text " href="https://mfront.homeplus.co.kr/list?categoryDepth=3&amp;categoryId=300298">굴소스/두반장/기타</a></li><li id="cat300299" aria-selected="false"><a title="" class="category-text " href="https://mfront.homeplus.co.kr/list?categoryDepth=3&amp;categoryId=300299">돈까스/스테이크소스</a></li><li id="cat300300" aria-selected="false"><a title="" class="category-text " href="https://mfront.homeplus.co.kr/list?categoryDepth=3&amp;categoryId=300300">머스타드</a></li><li id="cat300301" aria-selected="false"><a title="" class="category-text " href="https://mfront.homeplus.co.kr/list?categoryDepth=3&amp;categoryId=300301">불고기/갈비양념장</a></li><li id="cat300302" aria-selected="false"><a title="" class="category-text " href="https://mfront.homeplus.co.kr/list?categoryDepth=3&amp;categoryId=300302">샐러드드레싱/발사믹</a></li><li id="cat300304" aria-selected="false"><a title="" class="category-text " href="https://mfront.homeplus.co.kr/list?categoryDepth=3&amp;categoryId=300304">스파게티소스</a></li><li id="cat300306" aria-selected="false"><a title="" class="category-text " href="https://mfront.homeplus.co.kr/list?categoryDepth=3&amp;categoryId=300306">즉석요리소스/장국</a></li><li id="cat300307" aria-selected="false"><a title="" class="category-text " href="https://mfront.homeplus.co.kr/list?categoryDepth=3&amp;categoryId=300307">칠리/월남쌈/쌀국수소스</a></li></ul><ul role="group" aria-labelledby="cat200661" class="category-item-list-wrap hide"><li id="cat303600" aria-selected="false"><a title="" class="category-text " href="https://mfront.homeplus.co.kr/list?categoryDepth=3&amp;categoryId=303600">케찹</a></li><li id="cat303601" aria-selected="false"><a title="" class="category-text " href="https://mfront.homeplus.co.kr/list?categoryDepth=3&amp;categoryId=303601">마요네즈</a></li></ul><ul role="group" aria-labelledby="cat200077" class="category-item-list-wrap hide"><li id="cat300278" aria-selected="false"><a title="" class="category-text " href="https://mfront.homeplus.co.kr/list?categoryDepth=3&amp;categoryId=300278">묵/들깨/쌀/기타가루</a></li><li id="cat300279" aria-selected="false"><a title="" class="category-text " href="https://mfront.homeplus.co.kr/list?categoryDepth=3&amp;categoryId=300279">밀가루/전분</a></li><li id="cat300280" aria-selected="false"><a title="" class="category-text " href="https://mfront.homeplus.co.kr/list?categoryDepth=3&amp;categoryId=300280">식혜/엿기름</a></li><li id="cat300281" aria-selected="false"><a title="" class="category-text " href="https://mfront.homeplus.co.kr/list?categoryDepth=3&amp;categoryId=300281">튀김/부침/빵가루</a></li></ul><ul role="group" aria-labelledby="cat200078" class="category-item-list-wrap hide"><li id="cat300283" aria-selected="false"><a title="" class="category-text " href="https://mfront.homeplus.co.kr/list?categoryDepth=3&amp;categoryId=300283">갈색설탕/흑설탕</a></li><li id="cat300284" aria-selected="false"><a title="" class="category-text " href="https://mfront.homeplus.co.kr/list?categoryDepth=3&amp;categoryId=300284">구운소금/허브소금외</a></li><li id="cat300286" aria-selected="false"><a title="" class="category-text " href="https://mfront.homeplus.co.kr/list?categoryDepth=3&amp;categoryId=300286">천일염</a></li><li id="cat300287" aria-selected="false"><a title="" class="category-text " href="https://mfront.homeplus.co.kr/list?categoryDepth=3&amp;categoryId=300287">흰설탕</a></li></ul><ul role="group" aria-labelledby="cat200073" class="category-item-list-wrap hide"><li id="cat300263" aria-selected="false"><a title="" class="category-text " href="https://mfront.homeplus.co.kr/list?categoryDepth=3&amp;categoryId=300263">겨자/와사비</a></li><li id="cat300264" aria-selected="false"><a title="" class="category-text " href="https://mfront.homeplus.co.kr/list?categoryDepth=3&amp;categoryId=300264">고추가루</a></li><li id="cat300265" aria-selected="false"><a title="" class="category-text " href="https://mfront.homeplus.co.kr/list?categoryDepth=3&amp;categoryId=300265">바질/파슬리/기타향신료</a></li><li id="cat300266" aria-selected="false"><a title="" class="category-text " href="https://mfront.homeplus.co.kr/list?categoryDepth=3&amp;categoryId=300266">후추/볶음깨</a></li></ul><ul role="group" aria-labelledby="cat200076" class="category-item-list-wrap hide"><li id="cat300272" aria-selected="false"><a title="" class="category-text " href="https://mfront.homeplus.co.kr/list?categoryDepth=3&amp;categoryId=300272">멸치/해물다시다</a></li><li id="cat300273" aria-selected="false"><a title="" class="category-text " href="https://mfront.homeplus.co.kr/list?categoryDepth=3&amp;categoryId=300273">미원/맛소금</a></li><li id="cat300274" aria-selected="false"><a title="" class="category-text " href="https://mfront.homeplus.co.kr/list?categoryDepth=3&amp;categoryId=300274">버섯/치킨/기타조미료</a></li><li id="cat300275" aria-selected="false"><a title="" class="category-text " href="https://mfront.homeplus.co.kr/list?categoryDepth=3&amp;categoryId=300275">쇠고기다시다</a></li><li id="cat300277" aria-selected="false"><a title="" class="category-text " href="https://mfront.homeplus.co.kr/list?categoryDepth=3&amp;categoryId=300277">원물/티백/액상조미료</a></li></ul><ul role="group" aria-labelledby="cat200080" class="category-item-list-wrap hide"><li id="cat300293" aria-selected="false"><a title="" class="category-text " href="https://mfront.homeplus.co.kr/list?categoryDepth=3&amp;categoryId=300293">물엿/쌀엿/올리고당</a></li><li id="cat300294" aria-selected="false"><a title="" class="category-text " href="https://mfront.homeplus.co.kr/list?categoryDepth=3&amp;categoryId=300294">미향/맛술</a></li><li id="cat300295" aria-selected="false"><a title="" class="category-text " href="https://mfront.homeplus.co.kr/list?categoryDepth=3&amp;categoryId=300295">식초</a></li><li id="cat300296" aria-selected="false"><a title="" class="category-text " href="https://mfront.homeplus.co.kr/list?categoryDepth=3&amp;categoryId=300296">액젓</a></li><li id="cat300297" aria-selected="false"><a title="" class="category-text " href="https://mfront.homeplus.co.kr/list?categoryDepth=3&amp;categoryId=300297">홍초/마시는식초</a></li></ul><ul role="group" aria-labelledby="cat200079" class="category-item-list-wrap hide"><li id="cat300290" aria-selected="false"><a title="" class="category-text " href="https://mfront.homeplus.co.kr/list?categoryDepth=3&amp;categoryId=300290">올리브유</a></li><li id="cat300291" aria-selected="false"><a title="" class="category-text " href="https://mfront.homeplus.co.kr/list?categoryDepth=3&amp;categoryId=300291">참기름/들기름</a></li><li id="cat300292" aria-selected="false"><a title="" class="category-text " href="https://mfront.homeplus.co.kr/list?categoryDepth=3&amp;categoryId=300292">포도씨/카놀라유/식용유/기타유</a></li></ul><ul role="group" aria-labelledby="cat200082" class="category-item-list-wrap hide"><li id="cat300309" aria-selected="false"><a title="" class="category-text " href="https://mfront.homeplus.co.kr/list?categoryDepth=3&amp;categoryId=300309">베이킹재료/기타</a></li><li id="cat300310" aria-selected="false"><a title="" class="category-text " href="https://mfront.homeplus.co.kr/list?categoryDepth=3&amp;categoryId=300310">시럽/연유</a></li><li id="cat300312" aria-selected="false"><a title="" class="category-text " href="https://mfront.homeplus.co.kr/list?categoryDepth=3&amp;categoryId=300312">제빵믹스</a></li><li id="cat300313" aria-selected="false"><a title="" class="category-text " href="https://mfront.homeplus.co.kr/list?categoryDepth=3&amp;categoryId=300313">젤라틴</a></li><li id="cat300314" aria-selected="false"><a title="" class="category-text " href="https://mfront.homeplus.co.kr/list?categoryDepth=3&amp;categoryId=300314">토핑</a></li></ul><ul role="group" aria-labelledby="cat200132" class="category-item-list-wrap hide"><li id="cat300488" aria-selected="false"><a title="" class="category-text " href="https://mfront.homeplus.co.kr/list?categoryDepth=3&amp;categoryId=300488">분말형 세제</a></li><li id="cat300489" aria-selected="false"><a title="" class="category-text " href="https://mfront.homeplus.co.kr/list?categoryDepth=3&amp;categoryId=300489">빨래비누</a></li><li id="cat300490" aria-selected="false"><a title="" class="category-text " href="https://mfront.homeplus.co.kr/list?categoryDepth=3&amp;categoryId=300490">섬유유연제</a></li><li id="cat300491" aria-selected="false"><a title="" class="category-text " href="https://mfront.homeplus.co.kr/list?categoryDepth=3&amp;categoryId=300491">세제세트/기타</a></li><li id="cat300492" aria-selected="false"><a title="" class="category-text " href="https://mfront.homeplus.co.kr/list?categoryDepth=3&amp;categoryId=300492">액체형 세제</a></li><li id="cat300493" aria-selected="false"><a title="" class="category-text " href="https://mfront.homeplus.co.kr/list?categoryDepth=3&amp;categoryId=300493">울세제/홈드라이</a></li><li id="cat300494" aria-selected="false"><a title="" class="category-text " href="https://mfront.homeplus.co.kr/list?categoryDepth=3&amp;categoryId=300494">친환경/기타 세제</a></li><li id="cat300495" aria-selected="false"><a title="" class="category-text " href="https://mfront.homeplus.co.kr/list?categoryDepth=3&amp;categoryId=300495">캡슐/시트형 세제</a></li><li id="cat300496" aria-selected="false"><a title="" class="category-text " href="https://mfront.homeplus.co.kr/list?categoryDepth=3&amp;categoryId=300496">표백제</a></li></ul><ul role="group" aria-labelledby="cat200133" class="category-item-list-wrap hide"><li id="cat300497" aria-selected="false"><a title="" class="category-text " href="https://mfront.homeplus.co.kr/list?categoryDepth=3&amp;categoryId=300497">건조대</a></li><li id="cat300498" aria-selected="false"><a title="" class="category-text " href="https://mfront.homeplus.co.kr/list?categoryDepth=3&amp;categoryId=300498">다림용품</a></li><li id="cat300499" aria-selected="false"><a title="" class="category-text " href="https://mfront.homeplus.co.kr/list?categoryDepth=3&amp;categoryId=300499">세탁용품</a></li></ul><ul role="group" aria-labelledby="cat200135" class="category-item-list-wrap hide"><li id="cat300504" aria-selected="false"><a title="" class="category-text " href="https://mfront.homeplus.co.kr/list?categoryDepth=3&amp;categoryId=300504">곰팡이제거제</a></li><li id="cat300505" aria-selected="false"><a title="" class="category-text " href="https://mfront.homeplus.co.kr/list?categoryDepth=3&amp;categoryId=300505">락스</a></li><li id="cat300506" aria-selected="false"><a title="" class="category-text " href="https://mfront.homeplus.co.kr/list?categoryDepth=3&amp;categoryId=300506">베이킹소다/친환경</a></li><li id="cat300507" aria-selected="false"><a title="" class="category-text " href="https://mfront.homeplus.co.kr/list?categoryDepth=3&amp;categoryId=300507">변기/싱크/배수구용</a></li><li id="cat300508" aria-selected="false"><a title="" class="category-text " href="https://mfront.homeplus.co.kr/list?categoryDepth=3&amp;categoryId=300508">식기세척기용</a></li><li id="cat300509" aria-selected="false"><a title="" class="category-text " href="https://mfront.homeplus.co.kr/list?categoryDepth=3&amp;categoryId=300509">유리/가구용</a></li><li id="cat300510" aria-selected="false"><a title="" class="category-text " href="https://mfront.homeplus.co.kr/list?categoryDepth=3&amp;categoryId=300510">주방용</a></li></ul><ul role="group" aria-labelledby="cat200134" class="category-item-list-wrap hide"><li id="cat300500" aria-selected="false"><a title="" class="category-text " href="https://mfront.homeplus.co.kr/list?categoryDepth=3&amp;categoryId=300500">가죽/금속/구두 클리너</a></li><li id="cat300501" aria-selected="false"><a title="" class="category-text " href="https://mfront.homeplus.co.kr/list?categoryDepth=3&amp;categoryId=300501">기타 세정제</a></li><li id="cat300502" aria-selected="false"><a title="" class="category-text " href="https://mfront.homeplus.co.kr/list?categoryDepth=3&amp;categoryId=300502">세탁조 클리너</a></li><li id="cat300503" aria-selected="false"><a title="" class="category-text " href="https://mfront.homeplus.co.kr/list?categoryDepth=3&amp;categoryId=300503">에어컨/가습기용</a></li></ul><ul role="group" aria-labelledby="cat200131" class="category-item-list-wrap hide"><li id="cat300482" aria-selected="false"><a title="" class="category-text " href="https://mfront.homeplus.co.kr/list?categoryDepth=3&amp;categoryId=300482">방충/살충제</a></li><li id="cat300483" aria-selected="false"><a title="" class="category-text " href="https://mfront.homeplus.co.kr/list?categoryDepth=3&amp;categoryId=300483">방향제</a></li><li id="cat300484" aria-selected="false"><a title="" class="category-text " href="https://mfront.homeplus.co.kr/list?categoryDepth=3&amp;categoryId=300484">방향제 리필</a></li><li id="cat300485" aria-selected="false"><a title="" class="category-text " href="https://mfront.homeplus.co.kr/list?categoryDepth=3&amp;categoryId=300485">섬유 탈취제</a></li><li id="cat300486" aria-selected="false"><a title="" class="category-text " href="https://mfront.homeplus.co.kr/list?categoryDepth=3&amp;categoryId=300486">실내/옷장/기타 탈취제</a></li><li id="cat300487" aria-selected="false"><a title="" class="category-text " href="https://mfront.homeplus.co.kr/list?categoryDepth=3&amp;categoryId=300487">제습제</a></li></ul><ul role="group" aria-labelledby="cat200136" class="category-item-list-wrap hide"><li id="cat300511" aria-selected="false"><a title="" class="category-text " href="https://mfront.homeplus.co.kr/list?categoryDepth=3&amp;categoryId=300511">3M 청소용품</a></li><li id="cat300512" aria-selected="false"><a title="" class="category-text " href="https://mfront.homeplus.co.kr/list?categoryDepth=3&amp;categoryId=300512">기타청소용품/해충킬러</a></li><li id="cat300513" aria-selected="false"><a title="" class="category-text " href="https://mfront.homeplus.co.kr/list?categoryDepth=3&amp;categoryId=300513">막대걸레</a></li><li id="cat300514" aria-selected="false"><a title="" class="category-text " href="https://mfront.homeplus.co.kr/list?categoryDepth=3&amp;categoryId=300514">먼지털이개</a></li><li id="cat300515" aria-selected="false"><a title="" class="category-text " href="https://mfront.homeplus.co.kr/list?categoryDepth=3&amp;categoryId=300515">변기솔</a></li><li id="cat300516" aria-selected="false"><a title="" class="category-text " href="https://mfront.homeplus.co.kr/list?categoryDepth=3&amp;categoryId=300516">빗자루</a></li><li id="cat300517" aria-selected="false"><a title="" class="category-text " href="https://mfront.homeplus.co.kr/list?categoryDepth=3&amp;categoryId=300517">쓰레받이</a></li><li id="cat300518" aria-selected="false"><a title="" class="category-text " href="https://mfront.homeplus.co.kr/list?categoryDepth=3&amp;categoryId=300518">압축기</a></li><li id="cat300520" aria-selected="false"><a title="" class="category-text " href="https://mfront.homeplus.co.kr/list?categoryDepth=3&amp;categoryId=300520">청소솔</a></li><li id="cat300521" aria-selected="false"><a title="" class="category-text " href="https://mfront.homeplus.co.kr/list?categoryDepth=3&amp;categoryId=300521">청소포/걸레</a></li><li id="cat300522" aria-selected="false"><a title="" class="category-text " href="https://mfront.homeplus.co.kr/list?categoryDepth=3&amp;categoryId=300522">청소호스</a></li><li id="cat300523" aria-selected="false"><a title="" class="category-text " href="https://mfront.homeplus.co.kr/list?categoryDepth=3&amp;categoryId=300523">캐치맙청소용품</a></li><li id="cat300524" aria-selected="false"><a title="" class="category-text " href="https://mfront.homeplus.co.kr/list?categoryDepth=3&amp;categoryId=300524">테이프클리너</a></li><li id="cat300525" aria-selected="false"><a title="" class="category-text " href="https://mfront.homeplus.co.kr/list?categoryDepth=3&amp;categoryId=300525">휴지통/분리수거함</a></li></ul><ul role="group" aria-labelledby="cat200146" class="category-item-list-wrap hide"><li id="cat303596" aria-selected="false"><a title="" class="category-text " href="https://mfront.homeplus.co.kr/list?categoryDepth=3&amp;categoryId=303596">타월/욕실가운</a></li><li id="cat303597" aria-selected="false"><a title="" class="category-text " href="https://mfront.homeplus.co.kr/list?categoryDepth=3&amp;categoryId=303597">발매트</a></li><li id="cat303598" aria-selected="false"><a title="" class="category-text " href="https://mfront.homeplus.co.kr/list?categoryDepth=3&amp;categoryId=303598">욕실화</a></li><li id="cat303599" aria-selected="false"><a title="" class="category-text " href="https://mfront.homeplus.co.kr/list?categoryDepth=3&amp;categoryId=303599">기타 욕실용품</a></li><li id="cat300566" aria-selected="false"><a title="" class="category-text " href="https://mfront.homeplus.co.kr/list?categoryDepth=3&amp;categoryId=300566">샤워기/수전</a></li></ul><ul role="group" aria-labelledby="cat200130" class="category-item-list-wrap hide"><li id="cat300477" aria-selected="false"><a title="" class="category-text " href="https://mfront.homeplus.co.kr/list?categoryDepth=3&amp;categoryId=300477">물티슈</a></li><li id="cat300478" aria-selected="false"><a title="" class="category-text " href="https://mfront.homeplus.co.kr/list?categoryDepth=3&amp;categoryId=300478">미용티슈</a></li><li id="cat300479" aria-selected="false"><a title="" class="category-text " href="https://mfront.homeplus.co.kr/list?categoryDepth=3&amp;categoryId=300479">점보롤/기타</a></li><li id="cat300480" aria-selected="false"><a title="" class="category-text " href="https://mfront.homeplus.co.kr/list?categoryDepth=3&amp;categoryId=300480">키친타올</a></li><li id="cat300481" aria-selected="false"><a title="" class="category-text " href="https://mfront.homeplus.co.kr/list?categoryDepth=3&amp;categoryId=300481">화장지</a></li></ul><ul role="group" aria-labelledby="cat200129" class="category-item-list-wrap hide"><li id="cat300473" aria-selected="false"><a title="" class="category-text " href="https://mfront.homeplus.co.kr/list?categoryDepth=3&amp;categoryId=300473">생리대</a></li><li id="cat300475" aria-selected="false"><a title="" class="category-text " href="https://mfront.homeplus.co.kr/list?categoryDepth=3&amp;categoryId=300475">성인용기저귀</a></li><li id="cat300476" aria-selected="false"><a title="" class="category-text " href="https://mfront.homeplus.co.kr/list?categoryDepth=3&amp;categoryId=300476">성인용품/기타</a></li><li id="cat303565" aria-selected="false"><a title="" class="category-text " href="https://mfront.homeplus.co.kr/list?categoryDepth=3&amp;categoryId=303565">체내형 생리대</a></li></ul><ul role="group" aria-labelledby="cat200150" class="category-item-list-wrap hide"><li id="cat300581" aria-selected="false"><a title="" class="category-text " href="https://mfront.homeplus.co.kr/list?categoryDepth=3&amp;categoryId=300581">렌즈용품</a></li><li id="cat300582" aria-selected="false"><a title="" class="category-text " href="https://mfront.homeplus.co.kr/list?categoryDepth=3&amp;categoryId=300582">마스크</a></li><li id="cat300583" aria-selected="false"><a title="" class="category-text " href="https://mfront.homeplus.co.kr/list?categoryDepth=3&amp;categoryId=300583">밴드/기타</a></li><li id="cat300584" aria-selected="false"><a title="" class="category-text " href="https://mfront.homeplus.co.kr/list?categoryDepth=3&amp;categoryId=300584">소화제/연고/의약품</a></li></ul><ul role="group" aria-labelledby="cat200139" class="category-item-list-wrap hide"><li id="cat300533" aria-selected="false"><a title="" class="category-text " href="https://mfront.homeplus.co.kr/list?categoryDepth=3&amp;categoryId=300533">립케어</a></li><li id="cat300534" aria-selected="false"><a title="" class="category-text " href="https://mfront.homeplus.co.kr/list?categoryDepth=3&amp;categoryId=300534">비누/면도/제모용품</a></li><li id="cat300535" aria-selected="false"><a title="" class="category-text " href="https://mfront.homeplus.co.kr/list?categoryDepth=3&amp;categoryId=300535">치약/가글액</a></li></ul><ul role="group" aria-labelledby="cat200140" class="category-item-list-wrap hide"><li id="cat300536" aria-selected="false"><a title="" class="category-text " href="https://mfront.homeplus.co.kr/list?categoryDepth=3&amp;categoryId=300536">린스/트리트먼트</a></li><li id="cat300537" aria-selected="false"><a title="" class="category-text " href="https://mfront.homeplus.co.kr/list?categoryDepth=3&amp;categoryId=300537">샴푸</a></li><li id="cat300538" aria-selected="false"><a title="" class="category-text " href="https://mfront.homeplus.co.kr/list?categoryDepth=3&amp;categoryId=300538">에센스</a></li><li id="cat300539" aria-selected="false"><a title="" class="category-text " href="https://mfront.homeplus.co.kr/list?categoryDepth=3&amp;categoryId=300539">염색/탈색</a></li><li id="cat300540" aria-selected="false"><a title="" class="category-text " href="https://mfront.homeplus.co.kr/list?categoryDepth=3&amp;categoryId=300540">왁스/스프레이/기타</a></li><li id="cat300541" aria-selected="false"><a title="" class="category-text " href="https://mfront.homeplus.co.kr/list?categoryDepth=3&amp;categoryId=300541">투인원/헤어팩/기타</a></li><li id="cat300542" aria-selected="false"><a title="" class="category-text " href="https://mfront.homeplus.co.kr/list?categoryDepth=3&amp;categoryId=300542">펌/매니큐어</a></li></ul><ul role="group" aria-labelledby="cat200137" class="category-item-list-wrap hide"><li id="cat300526" aria-selected="false"><a title="" class="category-text " href="https://mfront.homeplus.co.kr/list?categoryDepth=3&amp;categoryId=300526">바디워시</a></li><li id="cat300527" aria-selected="false"><a title="" class="category-text " href="https://mfront.homeplus.co.kr/list?categoryDepth=3&amp;categoryId=300527">바디크림/보습</a></li><li id="cat300528" aria-selected="false"><a title="" class="category-text " href="https://mfront.homeplus.co.kr/list?categoryDepth=3&amp;categoryId=300528">청결/제모/태닝</a></li><li id="cat300529" aria-selected="false"><a title="" class="category-text " href="https://mfront.homeplus.co.kr/list?categoryDepth=3&amp;categoryId=300529">핸드/풋케어</a></li><li id="cat300530" aria-selected="false"><a title="" class="category-text " href="https://mfront.homeplus.co.kr/list?categoryDepth=3&amp;categoryId=300530">핸드워시</a></li></ul><ul role="group" aria-labelledby="cat200138" class="category-item-list-wrap hide"><li id="cat300531" aria-selected="false"><a title="" class="category-text " href="https://mfront.homeplus.co.kr/list?categoryDepth=3&amp;categoryId=300531">생활선물세트</a></li><li id="cat300532" aria-selected="false"><a title="" class="category-text " href="https://mfront.homeplus.co.kr/list?categoryDepth=3&amp;categoryId=300532">여행용 세트</a></li></ul><ul role="group" aria-labelledby="cat200344" class="category-item-list-wrap hide"><li id="cat301988" aria-selected="false"><a title="" class="category-text " href="https://mfront.homeplus.co.kr/list?categoryDepth=3&amp;categoryId=301988">더모코스메틱</a></li><li id="cat303479" aria-selected="false"><a title="" class="category-text " href="https://mfront.homeplus.co.kr/list?categoryDepth=3&amp;categoryId=303479">로션/에멀젼</a></li><li id="cat301989" aria-selected="false"><a title="" class="category-text " href="https://mfront.homeplus.co.kr/list?categoryDepth=3&amp;categoryId=301989">마스크/팩/마사지/기타</a></li><li id="cat301990" aria-selected="false"><a title="" class="category-text " href="https://mfront.homeplus.co.kr/list?categoryDepth=3&amp;categoryId=301990">미스트</a></li><li id="cat303480" aria-selected="false"><a title="" class="category-text " href="https://mfront.homeplus.co.kr/list?categoryDepth=3&amp;categoryId=303480">스킨/토너</a></li><li id="cat301991" aria-selected="false"><a title="" class="category-text " href="https://mfront.homeplus.co.kr/list?categoryDepth=3&amp;categoryId=301991">아이크림/기능성</a></li><li id="cat301992" aria-selected="false"><a title="" class="category-text " href="https://mfront.homeplus.co.kr/list?categoryDepth=3&amp;categoryId=301992">에센스/앰플/세럼</a></li><li id="cat301993" aria-selected="false"><a title="" class="category-text " href="https://mfront.homeplus.co.kr/list?categoryDepth=3&amp;categoryId=301993">여행용/스킨케어 세트</a></li><li id="cat301994" aria-selected="false"><a title="" class="category-text " href="https://mfront.homeplus.co.kr/list?categoryDepth=3&amp;categoryId=301994">주니어</a></li><li id="cat301995" aria-selected="false"><a title="" class="category-text " href="https://mfront.homeplus.co.kr/list?categoryDepth=3&amp;categoryId=301995">크림</a></li><li id="cat301996" aria-selected="false"><a title="" class="category-text " href="https://mfront.homeplus.co.kr/list?categoryDepth=3&amp;categoryId=301996">클렌징/선케어</a></li></ul><ul role="group" aria-labelledby="cat200342" class="category-item-list-wrap hide"><li id="cat301975" aria-selected="false"><a title="" class="category-text " href="https://mfront.homeplus.co.kr/list?categoryDepth=3&amp;categoryId=301975">남성 메이크업</a></li><li id="cat301976" aria-selected="false"><a title="" class="category-text " href="https://mfront.homeplus.co.kr/list?categoryDepth=3&amp;categoryId=301976">로션/에멀젼</a></li><li id="cat301977" aria-selected="false"><a title="" class="category-text " href="https://mfront.homeplus.co.kr/list?categoryDepth=3&amp;categoryId=301977">선케어/기타</a></li><li id="cat301978" aria-selected="false"><a title="" class="category-text " href="https://mfront.homeplus.co.kr/list?categoryDepth=3&amp;categoryId=301978">스킨/토너</a></li><li id="cat301979" aria-selected="false"><a title="" class="category-text " href="https://mfront.homeplus.co.kr/list?categoryDepth=3&amp;categoryId=301979">스킨케어 세트</a></li><li id="cat301980" aria-selected="false"><a title="" class="category-text " href="https://mfront.homeplus.co.kr/list?categoryDepth=3&amp;categoryId=301980">에센스/크림</a></li><li id="cat301981" aria-selected="false"><a title="" class="category-text " href="https://mfront.homeplus.co.kr/list?categoryDepth=3&amp;categoryId=301981">클렌징</a></li></ul><ul role="group" aria-labelledby="cat200343" class="category-item-list-wrap hide"><li id="cat301982" aria-selected="false"><a title="" class="category-text " href="https://mfront.homeplus.co.kr/list?categoryDepth=3&amp;categoryId=301982">네일케어</a></li><li id="cat301983" aria-selected="false"><a title="" class="category-text " href="https://mfront.homeplus.co.kr/list?categoryDepth=3&amp;categoryId=301983">립스틱</a></li><li id="cat300554" aria-selected="false"><a title="" class="category-text " href="https://mfront.homeplus.co.kr/list?categoryDepth=3&amp;categoryId=300554">면봉/손톱깍이/생활위생</a></li><li id="cat301984" aria-selected="false"><a title="" class="category-text " href="https://mfront.homeplus.co.kr/list?categoryDepth=3&amp;categoryId=301984">베이스메이크업</a></li><li id="cat301985" aria-selected="false"><a title="" class="category-text " href="https://mfront.homeplus.co.kr/list?categoryDepth=3&amp;categoryId=301985">볼터치/하이라이터</a></li><li id="cat301986" aria-selected="false"><a title="" class="category-text " href="https://mfront.homeplus.co.kr/list?categoryDepth=3&amp;categoryId=301986">아이 메이크업</a></li><li id="cat301987" aria-selected="false"><a title="" class="category-text " href="https://mfront.homeplus.co.kr/list?categoryDepth=3&amp;categoryId=301987">이미용소품/기타</a></li></ul><ul role="group" aria-labelledby="cat200345" class="category-item-list-wrap hide"><li id="cat301997" aria-selected="false"><a title="" class="category-text " href="https://mfront.homeplus.co.kr/list?categoryDepth=3&amp;categoryId=301997">남성용 향수</a></li><li id="cat301998" aria-selected="false"><a title="" class="category-text " href="https://mfront.homeplus.co.kr/list?categoryDepth=3&amp;categoryId=301998">여성용 향수</a></li></ul><ul role="group" aria-labelledby="cat200662" class="category-item-list-wrap hide"><li id="cat300462" aria-selected="false"><a title="" class="category-text " href="https://mfront.homeplus.co.kr/list?categoryDepth=3&amp;categoryId=300462">루테인/밀크씨슬/관절</a></li></ul><ul role="group" aria-labelledby="cat200663" class="category-item-list-wrap hide"><li id="cat300465" aria-selected="false"><a title="" class="category-text " href="https://mfront.homeplus.co.kr/list?categoryDepth=3&amp;categoryId=300465">비타민/프로폴리스/혈행개선제</a></li></ul><ul role="group" aria-labelledby="cat200664" class="category-item-list-wrap hide"><li id="cat300470" aria-selected="false"><a title="" class="category-text " href="https://mfront.homeplus.co.kr/list?categoryDepth=3&amp;categoryId=300470">소화제/자양강장/숙취해소</a></li></ul><ul role="group" aria-labelledby="cat200665" class="category-item-list-wrap hide"><li id="cat300464" aria-selected="false"><a title="" class="category-text " href="https://mfront.homeplus.co.kr/list?categoryDepth=3&amp;categoryId=300464">유산균</a></li></ul><ul role="group" aria-labelledby="cat200666" class="category-item-list-wrap hide"><li id="cat300466" aria-selected="false"><a title="" class="category-text " href="https://mfront.homeplus.co.kr/list?categoryDepth=3&amp;categoryId=300466">콜라겐/다이어트/프로틴</a></li></ul><ul role="group" aria-labelledby="cat200667" class="category-item-list-wrap hide"><li id="cat300472" aria-selected="false"><a title="" class="category-text " href="https://mfront.homeplus.co.kr/list?categoryDepth=3&amp;categoryId=300472">홍삼/녹용</a></li></ul><ul role="group" aria-labelledby="cat200128" class="category-item-list-wrap hide"><li id="cat300468" aria-selected="false"><a title="" class="category-text " href="https://mfront.homeplus.co.kr/list?categoryDepth=3&amp;categoryId=300468">영양제/건강식품</a></li><li id="cat300469" aria-selected="false"><a title="" class="category-text " href="https://mfront.homeplus.co.kr/list?categoryDepth=3&amp;categoryId=300469">유아/어린이 건강식품</a></li><li id="cat300463" aria-selected="false"><a title="" class="category-text " href="https://mfront.homeplus.co.kr/list?categoryDepth=3&amp;categoryId=300463">다이어트/미용 음료</a></li><li id="cat300460" aria-selected="false"><a title="" class="category-text " href="https://mfront.homeplus.co.kr/list?categoryDepth=3&amp;categoryId=300460">건강환/분말</a></li><li id="cat300467" aria-selected="false"><a title="" class="category-text " href="https://mfront.homeplus.co.kr/list?categoryDepth=3&amp;categoryId=300467">생식/선식/미숫가루</a></li><li id="cat300471" aria-selected="false"><a title="" class="category-text " href="https://mfront.homeplus.co.kr/list?categoryDepth=3&amp;categoryId=300471">한방재료</a></li></ul><ul role="group" aria-labelledby="cat100023" class="category-item-list-wrap hide"><li id="cat200149" aria-selected="false"><a title="" class="category-text " href="https://mfront.homeplus.co.kr/list?categoryDepth=2&amp;categoryId=200149">마사지/안마/찜질용품</a></li><li id="cat200154" aria-selected="false"><a title="" class="category-text " href="https://mfront.homeplus.co.kr/list?categoryDepth=2&amp;categoryId=200154">치아관리</a></li><li id="cat200155" aria-selected="false"><a title="" class="category-text " href="https://mfront.homeplus.co.kr/list?categoryDepth=2&amp;categoryId=200155">한방/병원/의료용품</a></li></ul><ul role="group" aria-labelledby="cat200288" class="category-item-list-wrap hide"><li id="cat303607" aria-selected="false"><a title="" class="category-text " href="https://mfront.homeplus.co.kr/list?categoryDepth=3&amp;categoryId=303607">강아지사료</a></li><li id="cat301726" aria-selected="false"><a title="" class="category-text " href="https://mfront.homeplus.co.kr/list?categoryDepth=3&amp;categoryId=301726">강아지 간식</a></li></ul><ul role="group" aria-labelledby="cat200294" class="category-item-list-wrap hide"><li id="cat303608" aria-selected="false"><a title="" class="category-text " href="https://mfront.homeplus.co.kr/list?categoryDepth=3&amp;categoryId=303608">고양이사료</a></li><li id="cat301774" aria-selected="false"><a title="" class="category-text " href="https://mfront.homeplus.co.kr/list?categoryDepth=3&amp;categoryId=301774">고양이 간식</a></li><li id="cat301776" aria-selected="false"><a title="" class="category-text " href="https://mfront.homeplus.co.kr/list?categoryDepth=3&amp;categoryId=301776">고양이 캔/파우치</a></li></ul><ul role="group" aria-labelledby="cat200293" class="category-item-list-wrap hide"><li id="cat301770" aria-selected="false"><a title="" class="category-text " href="https://mfront.homeplus.co.kr/list?categoryDepth=3&amp;categoryId=301770">강아지 훈련/놀이용품</a></li><li id="cat301771" aria-selected="false"><a title="" class="category-text " href="https://mfront.homeplus.co.kr/list?categoryDepth=3&amp;categoryId=301771">짖음방지기/입마개</a></li></ul><ul role="group" aria-labelledby="cat200298" class="category-item-list-wrap hide"><li id="cat301795" aria-selected="false"><a title="" class="category-text " href="https://mfront.homeplus.co.kr/list?categoryDepth=3&amp;categoryId=301795">고양이 놀이용품</a></li><li id="cat301798" aria-selected="false"><a title="" class="category-text " href="https://mfront.homeplus.co.kr/list?categoryDepth=3&amp;categoryId=301798">캣타워/스크래쳐</a></li></ul><ul role="group" aria-labelledby="cat200290" class="category-item-list-wrap hide"><li id="cat303609" aria-selected="false"><a title="" class="category-text " href="https://mfront.homeplus.co.kr/list?categoryDepth=3&amp;categoryId=303609">고양이 모래/화장실</a></li><li id="cat301740" aria-selected="false"><a title="" class="category-text " href="https://mfront.homeplus.co.kr/list?categoryDepth=3&amp;categoryId=301740">강아지 배변용품</a></li></ul><ul role="group" aria-labelledby="cat200289" class="category-item-list-wrap hide"><li id="cat303622" aria-selected="false"><a title="" class="category-text " href="https://mfront.homeplus.co.kr/list?categoryDepth=3&amp;categoryId=303622">강아지 목욕/미용용품</a></li><li id="cat303618" aria-selected="false"><a title="" class="category-text " href="https://mfront.homeplus.co.kr/list?categoryDepth=3&amp;categoryId=303618">고양이 목욕/미용용품</a></li></ul><ul role="group" aria-labelledby="cat200301" class="category-item-list-wrap hide"><li id="cat303623" aria-selected="false"><a title="" class="category-text " href="https://mfront.homeplus.co.kr/list?categoryDepth=3&amp;categoryId=303623">반려동물 방석/하우스</a></li><li id="cat303611" aria-selected="false"><a title="" class="category-text " href="https://mfront.homeplus.co.kr/list?categoryDepth=3&amp;categoryId=303611">반려동물 캐리어/울타리</a></li></ul><ul role="group" aria-labelledby="cat200292" class="category-item-list-wrap hide"><li id="cat303620" aria-selected="false"><a title="" class="category-text " href="https://mfront.homeplus.co.kr/list?categoryDepth=3&amp;categoryId=303620">강아지 패션잡화/목줄</a></li><li id="cat303619" aria-selected="false"><a title="" class="category-text " href="https://mfront.homeplus.co.kr/list?categoryDepth=3&amp;categoryId=303619">고양이 패션잡화/목줄</a></li></ul><ul role="group" aria-labelledby="cat200302" class="category-item-list-wrap hide"><li id="cat303624" aria-selected="false"><a title="" class="category-text " href="https://mfront.homeplus.co.kr/list?categoryDepth=3&amp;categoryId=303624">반려동물 식기</a></li><li id="cat303610" aria-selected="false"><a title="" class="category-text " href="https://mfront.homeplus.co.kr/list?categoryDepth=3&amp;categoryId=303610">반려동물 의약외품</a></li></ul><ul role="group" aria-labelledby="cat200300" class="category-item-list-wrap hide"><li id="cat303616" aria-selected="false"><a title="" class="category-text " href="https://mfront.homeplus.co.kr/list?categoryDepth=3&amp;categoryId=303616">어항/수조</a></li><li id="cat303615" aria-selected="false"><a title="" class="category-text " href="https://mfront.homeplus.co.kr/list?categoryDepth=3&amp;categoryId=303615">수조 청소용품</a></li><li id="cat303614" aria-selected="false"><a title="" class="category-text " href="https://mfront.homeplus.co.kr/list?categoryDepth=3&amp;categoryId=303614">수조 부속품/장식품</a></li><li id="cat301803" aria-selected="false"><a title="" class="category-text " href="https://mfront.homeplus.co.kr/list?categoryDepth=3&amp;categoryId=301803">거북이 사료</a></li><li id="cat301804" aria-selected="false"><a title="" class="category-text " href="https://mfront.homeplus.co.kr/list?categoryDepth=3&amp;categoryId=301804">열대어/금붕어 사료</a></li><li id="cat301805" aria-selected="false"><a title="" class="category-text " href="https://mfront.homeplus.co.kr/list?categoryDepth=3&amp;categoryId=301805">이외 관상어 사료</a></li></ul><ul role="group" aria-labelledby="cat200672" class="category-item-list-wrap hide"><li id="cat303612" aria-selected="false"><a title="" class="category-text " href="https://mfront.homeplus.co.kr/list?categoryDepth=3&amp;categoryId=303612">소동물용품/사료</a></li><li id="cat303613" aria-selected="false"><a title="" class="category-text " href="https://mfront.homeplus.co.kr/list?categoryDepth=3&amp;categoryId=303613">조류용품/사료</a></li></ul><ul role="group" aria-labelledby="cat100024" class="category-item-list-wrap hide"><li id="cat200157" aria-selected="false"><a title="" class="category-text " href="https://mfront.homeplus.co.kr/list?categoryDepth=2&amp;categoryId=200157">하기스/마미포코</a></li><li id="cat200641" aria-selected="false"><a title="" class="category-text " href="https://mfront.homeplus.co.kr/list?categoryDepth=2&amp;categoryId=200641">기타 브랜드</a></li><li id="cat200642" aria-selected="false"><a title="" class="category-text " href="https://mfront.homeplus.co.kr/list?categoryDepth=2&amp;categoryId=200642">기저귀 용품</a></li></ul><ul role="group" aria-labelledby="cat100025" class="category-item-list-wrap hide"><li id="cat200158" aria-selected="false"><a title="" class="category-text " href="https://mfront.homeplus.co.kr/list?categoryDepth=2&amp;categoryId=200158">국내분유</a></li><li id="cat200159" aria-selected="false"><a title="" class="category-text " href="https://mfront.homeplus.co.kr/list?categoryDepth=2&amp;categoryId=200159">두유/음료/간식/영양제</a></li><li id="cat200160" aria-selected="false"><a title="" class="category-text " href="https://mfront.homeplus.co.kr/list?categoryDepth=2&amp;categoryId=200160">이유식</a></li><li id="cat200161" aria-selected="false"><a title="" class="category-text " href="https://mfront.homeplus.co.kr/list?categoryDepth=2&amp;categoryId=200161">해외/기능성 분유</a></li></ul><ul role="group" aria-labelledby="cat100026" class="category-item-list-wrap hide"><li id="cat200162" aria-selected="false"><a title="" class="category-text " href="https://mfront.homeplus.co.kr/list?categoryDepth=2&amp;categoryId=200162">수유용품</a></li><li id="cat200163" aria-selected="false"><a title="" class="category-text " href="https://mfront.homeplus.co.kr/list?categoryDepth=2&amp;categoryId=200163">젖병/세정용품</a></li><li id="cat200164" aria-selected="false"><a title="" class="category-text " href="https://mfront.homeplus.co.kr/list?categoryDepth=2&amp;categoryId=200164">출산/임산부용품</a></li></ul><ul role="group" aria-labelledby="cat100027" class="category-item-list-wrap hide"><li id="cat200165" aria-selected="false"><a title="" class="category-text " href="https://mfront.homeplus.co.kr/list?categoryDepth=2&amp;categoryId=200165">구강용품</a></li><li id="cat200166" aria-selected="false"><a title="" class="category-text " href="https://mfront.homeplus.co.kr/list?categoryDepth=2&amp;categoryId=200166">기타 위생용품</a></li><li id="cat200167" aria-selected="false"><a title="" class="category-text " href="https://mfront.homeplus.co.kr/list?categoryDepth=2&amp;categoryId=200167">목욕용품</a></li><li id="cat200168" aria-selected="false"><a title="" class="category-text " href="https://mfront.homeplus.co.kr/list?categoryDepth=2&amp;categoryId=200168">유아용 세제/세탁</a></li><li id="cat200169" aria-selected="false"><a title="" class="category-text " href="https://mfront.homeplus.co.kr/list?categoryDepth=2&amp;categoryId=200169">유아용 화장품</a></li></ul><ul role="group" aria-labelledby="cat100028" class="category-item-list-wrap hide"><li id="cat200170" aria-selected="false"><a title="" class="category-text " href="https://mfront.homeplus.co.kr/list?categoryDepth=2&amp;categoryId=200170">성장/발육 용품</a></li><li id="cat200172" aria-selected="false"><a title="" class="category-text " href="https://mfront.homeplus.co.kr/list?categoryDepth=2&amp;categoryId=200172">유모차/카시트 용품</a></li></ul><ul role="group" aria-labelledby="cat200174" class="category-item-list-wrap hide"><li id="cat300727" aria-selected="false"><a title="" class="category-text " href="https://mfront.homeplus.co.kr/list?categoryDepth=3&amp;categoryId=300727">스푼/포크</a></li><li id="cat300729" aria-selected="false"><a title="" class="category-text " href="https://mfront.homeplus.co.kr/list?categoryDepth=3&amp;categoryId=300729">유아공기/대접</a></li><li id="cat300731" aria-selected="false"><a title="" class="category-text " href="https://mfront.homeplus.co.kr/list?categoryDepth=3&amp;categoryId=300731">유아수저/포크/교정용젓가락</a></li><li id="cat300732" aria-selected="false"><a title="" class="category-text " href="https://mfront.homeplus.co.kr/list?categoryDepth=3&amp;categoryId=300732">유아식기 기타</a></li><li id="cat300733" aria-selected="false"><a title="" class="category-text " href="https://mfront.homeplus.co.kr/list?categoryDepth=3&amp;categoryId=300733">유아식판/도시락</a></li><li id="cat300734" aria-selected="false"><a title="" class="category-text " href="https://mfront.homeplus.co.kr/list?categoryDepth=3&amp;categoryId=300734">유아컵</a></li><li id="cat300735" aria-selected="false"><a title="" class="category-text " href="https://mfront.homeplus.co.kr/list?categoryDepth=3&amp;categoryId=300735">유아플라스틱접시/찬기</a></li><li id="cat300738" aria-selected="false"><a title="" class="category-text " href="https://mfront.homeplus.co.kr/list?categoryDepth=3&amp;categoryId=300738">이유식/유아식기 세트</a></li></ul><ul role="group" aria-labelledby="cat200176" class="category-item-list-wrap hide"><li id="cat300745" aria-selected="false"><a title="" class="category-text " href="https://mfront.homeplus.co.kr/list?categoryDepth=3&amp;categoryId=300745">감각발달완구</a></li><li id="cat300747" aria-selected="false"><a title="" class="category-text " href="https://mfront.homeplus.co.kr/list?categoryDepth=3&amp;categoryId=300747">악기완구</a></li><li id="cat300748" aria-selected="false"><a title="" class="category-text " href="https://mfront.homeplus.co.kr/list?categoryDepth=3&amp;categoryId=300748">기타멜로디완구</a></li><li id="cat300757" aria-selected="false"><a title="" class="category-text " href="https://mfront.homeplus.co.kr/list?categoryDepth=3&amp;categoryId=300757">목욕놀이완구</a></li><li id="cat300762" aria-selected="false"><a title="" class="category-text " href="https://mfront.homeplus.co.kr/list?categoryDepth=3&amp;categoryId=300762">사운드북</a></li><li id="cat300763" aria-selected="false"><a title="" class="category-text " href="https://mfront.homeplus.co.kr/list?categoryDepth=3&amp;categoryId=300763">걸음마보조기</a></li><li id="cat300767" aria-selected="false"><a title="" class="category-text " href="https://mfront.homeplus.co.kr/list?categoryDepth=3&amp;categoryId=300767">아기전화기</a></li></ul><ul role="group" aria-labelledby="cat200188" class="category-item-list-wrap hide"><li id="cat300787" aria-selected="false"><a title="" class="category-text " href="https://mfront.homeplus.co.kr/list?categoryDepth=3&amp;categoryId=300787">플레이하우스/유아텐트</a></li><li id="cat300910" aria-selected="false"><a title="" class="category-text " href="https://mfront.homeplus.co.kr/list?categoryDepth=3&amp;categoryId=300910">흔들말/시소</a></li><li id="cat300911" aria-selected="false"><a title="" class="category-text " href="https://mfront.homeplus.co.kr/list?categoryDepth=3&amp;categoryId=300911">붕붕카/지붕카</a></li><li id="cat300918" aria-selected="false"><a title="" class="category-text " href="https://mfront.homeplus.co.kr/list?categoryDepth=3&amp;categoryId=300918">승용완구_유아매트</a></li><li id="cat300926" aria-selected="false"><a title="" class="category-text " href="https://mfront.homeplus.co.kr/list?categoryDepth=3&amp;categoryId=300926">전동차/푸쉬카</a></li><li id="cat300927" aria-selected="false"><a title="" class="category-text " href="https://mfront.homeplus.co.kr/list?categoryDepth=3&amp;categoryId=300927">킥보드/트라이더</a></li><li id="cat300936" aria-selected="false"><a title="" class="category-text " href="https://mfront.homeplus.co.kr/list?categoryDepth=3&amp;categoryId=300936">유아자전거/유모차</a></li></ul><ul role="group" aria-labelledby="cat200180" class="category-item-list-wrap hide"><li id="cat300797" aria-selected="false"><a title="" class="category-text " href="https://mfront.homeplus.co.kr/list?categoryDepth=3&amp;categoryId=300797">변신로봇</a></li><li id="cat300803" aria-selected="false"><a title="" class="category-text " href="https://mfront.homeplus.co.kr/list?categoryDepth=3&amp;categoryId=300803">배틀팽이</a></li><li id="cat300804" aria-selected="false"><a title="" class="category-text " href="https://mfront.homeplus.co.kr/list?categoryDepth=3&amp;categoryId=300804">비행기/전투기/헬기</a></li><li id="cat300806" aria-selected="false"><a title="" class="category-text " href="https://mfront.homeplus.co.kr/list?categoryDepth=3&amp;categoryId=300806">오토바이/자동차/기차</a></li><li id="cat300809" aria-selected="false"><a title="" class="category-text " href="https://mfront.homeplus.co.kr/list?categoryDepth=3&amp;categoryId=300809">타요_고고다이노_슈퍼윙스</a></li></ul><ul role="group" aria-labelledby="cat200190" class="category-item-list-wrap hide"><li id="cat300814" aria-selected="false"><a title="" class="category-text " href="https://mfront.homeplus.co.kr/list?categoryDepth=3&amp;categoryId=300814">RC카/스포츠카</a></li><li id="cat300816" aria-selected="false"><a title="" class="category-text " href="https://mfront.homeplus.co.kr/list?categoryDepth=3&amp;categoryId=300816">드론/헬기/비행기</a></li><li id="cat300818" aria-selected="false"><a title="" class="category-text " href="https://mfront.homeplus.co.kr/list?categoryDepth=3&amp;categoryId=300818">이외 RC완구</a></li><li id="cat300819" aria-selected="false"><a title="" class="category-text " href="https://mfront.homeplus.co.kr/list?categoryDepth=3&amp;categoryId=300819">전동 로봇/인형</a></li><li id="cat300951" aria-selected="false"><a title="" class="category-text " href="https://mfront.homeplus.co.kr/list?categoryDepth=3&amp;categoryId=300951">BB탄/장난감총</a></li><li id="cat300954" aria-selected="false"><a title="" class="category-text " href="https://mfront.homeplus.co.kr/list?categoryDepth=3&amp;categoryId=300954">로봇/건담</a></li><li id="cat300955" aria-selected="false"><a title="" class="category-text " href="https://mfront.homeplus.co.kr/list?categoryDepth=3&amp;categoryId=300955">공룡/동물</a></li><li id="cat300957" aria-selected="false"><a title="" class="category-text " href="https://mfront.homeplus.co.kr/list?categoryDepth=3&amp;categoryId=300957">기차/레일/트랙</a></li><li id="cat300962" aria-selected="false"><a title="" class="category-text " href="https://mfront.homeplus.co.kr/list?categoryDepth=3&amp;categoryId=300962">미니카/자동차</a></li><li id="cat300965" aria-selected="false"><a title="" class="category-text " href="https://mfront.homeplus.co.kr/list?categoryDepth=3&amp;categoryId=300965">애니메이션 캐릭터</a></li><li id="cat300967" aria-selected="false"><a title="" class="category-text " href="https://mfront.homeplus.co.kr/list?categoryDepth=3&amp;categoryId=300967">모형총/칼</a></li><li id="cat300968" aria-selected="false"><a title="" class="category-text " href="https://mfront.homeplus.co.kr/list?categoryDepth=3&amp;categoryId=300968">유아동장난감칼</a></li><li id="cat300969" aria-selected="false"><a title="" class="category-text " href="https://mfront.homeplus.co.kr/list?categoryDepth=3&amp;categoryId=300969">캐릭터/피규어</a></li><li id="cat300971" aria-selected="false"><a title="" class="category-text " href="https://mfront.homeplus.co.kr/list?categoryDepth=3&amp;categoryId=300971">인물/영화/스포츠 피규어</a></li><li id="cat300972" aria-selected="false"><a title="" class="category-text " href="https://mfront.homeplus.co.kr/list?categoryDepth=3&amp;categoryId=300972">토미카</a></li><li id="cat300975" aria-selected="false"><a title="" class="category-text " href="https://mfront.homeplus.co.kr/list?categoryDepth=3&amp;categoryId=300975">건물/빌딩</a></li></ul><ul role="group" aria-labelledby="cat200182" class="category-item-list-wrap hide"><li id="cat300821" aria-selected="false"><a title="" class="category-text " href="https://mfront.homeplus.co.kr/list?categoryDepth=3&amp;categoryId=300821">기타 물놀이용품</a></li><li id="cat300827" aria-selected="false"><a title="" class="category-text " href="https://mfront.homeplus.co.kr/list?categoryDepth=3&amp;categoryId=300827">물총</a></li><li id="cat300829" aria-selected="false"><a title="" class="category-text " href="https://mfront.homeplus.co.kr/list?categoryDepth=3&amp;categoryId=300829">튜브</a></li><li id="cat303420" aria-selected="false"><a title="" class="category-text " href="https://mfront.homeplus.co.kr/list?categoryDepth=3&amp;categoryId=303420">모래놀이</a></li></ul><ul role="group" aria-labelledby="cat200187" class="category-item-list-wrap hide"><li id="cat300895" aria-selected="false"><a title="" class="category-text " href="https://mfront.homeplus.co.kr/list?categoryDepth=3&amp;categoryId=300895">골프/볼링 놀이</a></li><li id="cat300896" aria-selected="false"><a title="" class="category-text " href="https://mfront.homeplus.co.kr/list?categoryDepth=3&amp;categoryId=300896">축구/농구/야구놀이</a></li><li id="cat300897" aria-selected="false"><a title="" class="category-text " href="https://mfront.homeplus.co.kr/list?categoryDepth=3&amp;categoryId=300897">비누방울/버블건</a></li><li id="cat300898" aria-selected="false"><a title="" class="category-text " href="https://mfront.homeplus.co.kr/list?categoryDepth=3&amp;categoryId=300898">캐치볼/부메랑/원반</a></li><li id="cat300899" aria-selected="false"><a title="" class="category-text " href="https://mfront.homeplus.co.kr/list?categoryDepth=3&amp;categoryId=300899">요요/액세서리</a></li><li id="cat300900" aria-selected="false"><a title="" class="category-text " href="https://mfront.homeplus.co.kr/list?categoryDepth=3&amp;categoryId=300900">이외 야외/스포츠 완구</a></li><li id="cat300901" aria-selected="false"><a title="" class="category-text " href="https://mfront.homeplus.co.kr/list?categoryDepth=3&amp;categoryId=300901">사격/양궁놀이</a></li></ul><ul role="group" aria-labelledby="cat200203" class="category-item-list-wrap hide"><li id="cat300850" aria-selected="false"><a title="" class="category-text " href="https://mfront.homeplus.co.kr/list?categoryDepth=3&amp;categoryId=300850">만들기재료</a></li><li id="cat300856" aria-selected="false"><a title="" class="category-text " href="https://mfront.homeplus.co.kr/list?categoryDepth=3&amp;categoryId=300856">이외 미술/점토놀이</a></li><li id="cat300860" aria-selected="false"><a title="" class="category-text " href="https://mfront.homeplus.co.kr/list?categoryDepth=3&amp;categoryId=300860">팔토시/앞치마</a></li><li id="cat301107" aria-selected="false"><a title="" class="category-text " href="https://mfront.homeplus.co.kr/list?categoryDepth=3&amp;categoryId=301107">전자학습완구</a></li><li id="cat301109" aria-selected="false"><a title="" class="category-text " href="https://mfront.homeplus.co.kr/list?categoryDepth=3&amp;categoryId=301109">스티커북</a></li><li id="cat301111" aria-selected="false"><a title="" class="category-text " href="https://mfront.homeplus.co.kr/list?categoryDepth=3&amp;categoryId=301111">음악/악기놀이</a></li><li id="cat301117" aria-selected="false"><a title="" class="category-text " href="https://mfront.homeplus.co.kr/list?categoryDepth=3&amp;categoryId=301117">수학/도형완구</a></li><li id="cat301119" aria-selected="false"><a title="" class="category-text " href="https://mfront.homeplus.co.kr/list?categoryDepth=3&amp;categoryId=301119">언어학습완구</a></li><li id="cat301121" aria-selected="false"><a title="" class="category-text " href="https://mfront.homeplus.co.kr/list?categoryDepth=3&amp;categoryId=301121">자연/과학완구</a></li><li id="cat301123" aria-selected="false"><a title="" class="category-text " href="https://mfront.homeplus.co.kr/list?categoryDepth=3&amp;categoryId=301123">학습카드</a></li><li id="cat301124" aria-selected="false"><a title="" class="category-text " href="https://mfront.homeplus.co.kr/list?categoryDepth=3&amp;categoryId=301124">미술놀이</a></li><li id="cat303418" aria-selected="false"><a title="" class="category-text " href="https://mfront.homeplus.co.kr/list?categoryDepth=3&amp;categoryId=303418">점토/만들기놀이</a></li></ul><ul role="group" aria-labelledby="cat200179" class="category-item-list-wrap hide"><li id="cat300984" aria-selected="false"><a title="" class="category-text " href="https://mfront.homeplus.co.kr/list?categoryDepth=3&amp;categoryId=300984">마트놀이/유아쇼핑카트</a></li><li id="cat300985" aria-selected="false"><a title="" class="category-text " href="https://mfront.homeplus.co.kr/list?categoryDepth=3&amp;categoryId=300985">소꿉놀이/아기돌보미놀이</a></li><li id="cat300791" aria-selected="false"><a title="" class="category-text " href="https://mfront.homeplus.co.kr/list?categoryDepth=3&amp;categoryId=300791">낚시놀이</a></li><li id="cat300793" aria-selected="false"><a title="" class="category-text " href="https://mfront.homeplus.co.kr/list?categoryDepth=3&amp;categoryId=300793">만들기토이</a></li><li id="cat300993" aria-selected="false"><a title="" class="category-text " href="https://mfront.homeplus.co.kr/list?categoryDepth=3&amp;categoryId=300993">이외 역할놀이</a></li><li id="cat300994" aria-selected="false"><a title="" class="category-text " href="https://mfront.homeplus.co.kr/list?categoryDepth=3&amp;categoryId=300994">주방놀이/요리놀이</a></li><li id="cat300995" aria-selected="false"><a title="" class="category-text " href="https://mfront.homeplus.co.kr/list?categoryDepth=3&amp;categoryId=300995">청소놀이</a></li><li id="cat300996" aria-selected="false"><a title="" class="category-text " href="https://mfront.homeplus.co.kr/list?categoryDepth=3&amp;categoryId=300996">코스튬가면</a></li><li id="cat301002" aria-selected="false"><a title="" class="category-text " href="https://mfront.homeplus.co.kr/list?categoryDepth=3&amp;categoryId=301002">패션시계/쥬얼리백</a></li><li id="cat301003" aria-selected="false"><a title="" class="category-text " href="https://mfront.homeplus.co.kr/list?categoryDepth=3&amp;categoryId=301003">헤어/화장놀이</a></li><li id="cat300794" aria-selected="false"><a title="" class="category-text " href="https://mfront.homeplus.co.kr/list?categoryDepth=3&amp;categoryId=300794">모래놀이</a></li></ul><ul role="group" aria-labelledby="cat200196" class="category-item-list-wrap hide"><li id="cat301051" aria-selected="false"><a title="" class="category-text " href="https://mfront.homeplus.co.kr/list?categoryDepth=3&amp;categoryId=301051">구체관절인형</a></li><li id="cat301052" aria-selected="false"><a title="" class="category-text " href="https://mfront.homeplus.co.kr/list?categoryDepth=3&amp;categoryId=301052">녹음/작동인형</a></li><li id="cat301053" aria-selected="false"><a title="" class="category-text " href="https://mfront.homeplus.co.kr/list?categoryDepth=3&amp;categoryId=301053">동물인형</a></li><li id="cat301054" aria-selected="false"><a title="" class="category-text " href="https://mfront.homeplus.co.kr/list?categoryDepth=3&amp;categoryId=301054">인형집세트</a></li><li id="cat301058" aria-selected="false"><a title="" class="category-text " href="https://mfront.homeplus.co.kr/list?categoryDepth=3&amp;categoryId=301058">미미/바비</a></li><li id="cat301059" aria-selected="false"><a title="" class="category-text " href="https://mfront.homeplus.co.kr/list?categoryDepth=3&amp;categoryId=301059">캐치티니핑</a></li><li id="cat301060" aria-selected="false"><a title="" class="category-text " href="https://mfront.homeplus.co.kr/list?categoryDepth=3&amp;categoryId=301060">봉제인형</a></li><li id="cat301061" aria-selected="false"><a title="" class="category-text " href="https://mfront.homeplus.co.kr/list?categoryDepth=3&amp;categoryId=301061">실바니안</a></li><li id="cat301064" aria-selected="false"><a title="" class="category-text " href="https://mfront.homeplus.co.kr/list?categoryDepth=3&amp;categoryId=301064">아기 인형</a></li><li id="cat301066" aria-selected="false"><a title="" class="category-text " href="https://mfront.homeplus.co.kr/list?categoryDepth=3&amp;categoryId=301066">이외 인형/인형놀이</a></li><li id="cat301071" aria-selected="false"><a title="" class="category-text " href="https://mfront.homeplus.co.kr/list?categoryDepth=3&amp;categoryId=301071">시크릿쥬쥬</a></li><li id="cat301072" aria-selected="false"><a title="" class="category-text " href="https://mfront.homeplus.co.kr/list?categoryDepth=3&amp;categoryId=301072">LOL/뽑기인형</a></li></ul><ul role="group" aria-labelledby="cat200193" class="category-item-list-wrap hide"><li id="cat300880" aria-selected="false"><a title="" class="category-text " href="https://mfront.homeplus.co.kr/list?categoryDepth=3&amp;categoryId=300880">플레이모빌</a></li><li id="cat300882" aria-selected="false"><a title="" class="category-text " href="https://mfront.homeplus.co.kr/list?categoryDepth=3&amp;categoryId=300882">나노블럭</a></li><li id="cat300885" aria-selected="false"><a title="" class="category-text " href="https://mfront.homeplus.co.kr/list?categoryDepth=3&amp;categoryId=300885">레고</a></li><li id="cat300887" aria-selected="false"><a title="" class="category-text " href="https://mfront.homeplus.co.kr/list?categoryDepth=3&amp;categoryId=300887">빅블록/아기블록</a></li><li id="cat300890" aria-selected="false"><a title="" class="category-text " href="https://mfront.homeplus.co.kr/list?categoryDepth=3&amp;categoryId=300890">옥스포드</a></li><li id="cat301010" aria-selected="false"><a title="" class="category-text " href="https://mfront.homeplus.co.kr/list?categoryDepth=3&amp;categoryId=301010">3D퍼즐</a></li><li id="cat301011" aria-selected="false"><a title="" class="category-text " href="https://mfront.homeplus.co.kr/list?categoryDepth=3&amp;categoryId=301011">피젯토이</a></li><li id="cat301018" aria-selected="false"><a title="" class="category-text " href="https://mfront.homeplus.co.kr/list?categoryDepth=3&amp;categoryId=301018">유아퍼즐</a></li><li id="cat301020" aria-selected="false"><a title="" class="category-text " href="https://mfront.homeplus.co.kr/list?categoryDepth=3&amp;categoryId=301020">이외 퍼즐</a></li><li id="cat301021" aria-selected="false"><a title="" class="category-text " href="https://mfront.homeplus.co.kr/list?categoryDepth=3&amp;categoryId=301021">큐브</a></li><li id="cat301023" aria-selected="false"><a title="" class="category-text " href="https://mfront.homeplus.co.kr/list?categoryDepth=3&amp;categoryId=301023">직소퍼즐</a></li></ul><ul role="group" aria-labelledby="cat200185" class="category-item-list-wrap hide"><li id="cat300863" aria-selected="false"><a title="" class="category-text " href="https://mfront.homeplus.co.kr/list?categoryDepth=3&amp;categoryId=300863">균형/순발력게임</a></li><li id="cat300864" aria-selected="false"><a title="" class="category-text " href="https://mfront.homeplus.co.kr/list?categoryDepth=3&amp;categoryId=300864">룰렛/복불복게임</a></li><li id="cat300868" aria-selected="false"><a title="" class="category-text " href="https://mfront.homeplus.co.kr/list?categoryDepth=3&amp;categoryId=300868">바둑/장기/체스</a></li><li id="cat300869" aria-selected="false"><a title="" class="category-text " href="https://mfront.homeplus.co.kr/list?categoryDepth=3&amp;categoryId=300869">전략/경영게임</a></li><li id="cat300871" aria-selected="false"><a title="" class="category-text " href="https://mfront.homeplus.co.kr/list?categoryDepth=3&amp;categoryId=300871">스포츠/액션게임</a></li><li id="cat300872" aria-selected="false"><a title="" class="category-text " href="https://mfront.homeplus.co.kr/list?categoryDepth=3&amp;categoryId=300872">추리/두뇌게임</a></li><li id="cat300874" aria-selected="false"><a title="" class="category-text " href="https://mfront.homeplus.co.kr/list?categoryDepth=3&amp;categoryId=300874">이외 보드게임/민속놀이</a></li><li id="cat300875" aria-selected="false"><a title="" class="category-text " href="https://mfront.homeplus.co.kr/list?categoryDepth=3&amp;categoryId=300875">제기/윷놀이/민속놀이</a></li><li id="cat300877" aria-selected="false"><a title="" class="category-text " href="https://mfront.homeplus.co.kr/list?categoryDepth=3&amp;categoryId=300877">캐릭터 카드/딱지게임</a></li><li id="cat300879" aria-selected="false"><a title="" class="category-text " href="https://mfront.homeplus.co.kr/list?categoryDepth=3&amp;categoryId=300879">화투/트럼프/마작</a></li></ul><ul role="group" aria-labelledby="cat200651" class="category-item-list-wrap hide"><li id="cat300544" aria-selected="false"><a title="" class="category-text " href="https://mfront.homeplus.co.kr/list?categoryDepth=3&amp;categoryId=300544">브랜드 냄비</a></li><li id="cat300543" aria-selected="false"><a title="" class="category-text " href="https://mfront.homeplus.co.kr/list?categoryDepth=3&amp;categoryId=300543">냄비</a></li></ul><ul role="group" aria-labelledby="cat200652" class="category-item-list-wrap hide"><li id="cat300548" aria-selected="false"><a title="" class="category-text " href="https://mfront.homeplus.co.kr/list?categoryDepth=3&amp;categoryId=300548">프라이팬</a></li><li id="cat300545" aria-selected="false"><a title="" class="category-text " href="https://mfront.homeplus.co.kr/list?categoryDepth=3&amp;categoryId=300545">브랜드 프라이팬</a></li></ul><ul role="group" aria-labelledby="cat200653" class="category-item-list-wrap hide"><li id="cat300546" aria-selected="false"><a title="" class="category-text " href="https://mfront.homeplus.co.kr/list?categoryDepth=3&amp;categoryId=300546">주전자</a></li><li id="cat300547" aria-selected="false"><a title="" class="category-text " href="https://mfront.homeplus.co.kr/list?categoryDepth=3&amp;categoryId=300547">찜솥/압력솥</a></li></ul><ul role="group" aria-labelledby="cat200148" class="category-item-list-wrap hide"><li id="cat300573" aria-selected="false"><a title="" class="category-text " href="https://mfront.homeplus.co.kr/list?categoryDepth=3&amp;categoryId=300573">고무장갑/랩/팩</a></li><li id="cat300574" aria-selected="false"><a title="" class="category-text " href="https://mfront.homeplus.co.kr/list?categoryDepth=3&amp;categoryId=300574">빨대/일회용기/기타</a></li><li id="cat300575" aria-selected="false"><a title="" class="category-text " href="https://mfront.homeplus.co.kr/list?categoryDepth=3&amp;categoryId=300575">와인용품</a></li><li id="cat300576" aria-selected="false"><a title="" class="category-text " href="https://mfront.homeplus.co.kr/list?categoryDepth=3&amp;categoryId=300576">종이컵</a></li></ul><ul role="group" aria-labelledby="cat200654" class="category-item-list-wrap hide"><li id="cat300558" aria-selected="false"><a title="" class="category-text " href="https://mfront.homeplus.co.kr/list?categoryDepth=3&amp;categoryId=300558">수저/양식기</a></li><li id="cat300555" aria-selected="false"><a title="" class="category-text " href="https://mfront.homeplus.co.kr/list?categoryDepth=3&amp;categoryId=300555">공기/접시/식기</a></li><li id="cat300556" aria-selected="false"><a title="" class="category-text " href="https://mfront.homeplus.co.kr/list?categoryDepth=3&amp;categoryId=300556">내열식기</a></li><li id="cat300559" aria-selected="false"><a title="" class="category-text " href="https://mfront.homeplus.co.kr/list?categoryDepth=3&amp;categoryId=300559">유리식기</a></li></ul><ul role="group" aria-labelledby="cat200655" class="category-item-list-wrap hide"><li id="cat300560" aria-selected="false"><a title="" class="category-text " href="https://mfront.homeplus.co.kr/list?categoryDepth=3&amp;categoryId=300560">컵</a></li><li id="cat300557" aria-selected="false"><a title="" class="category-text " href="https://mfront.homeplus.co.kr/list?categoryDepth=3&amp;categoryId=300557">물통/물병</a></li></ul><ul role="group" aria-labelledby="cat200656" class="category-item-list-wrap hide"><li id="cat300551" aria-selected="false"><a title="" class="category-text " href="https://mfront.homeplus.co.kr/list?categoryDepth=3&amp;categoryId=300551">보관/밀폐용기</a></li></ul><ul role="group" aria-labelledby="cat200657" class="category-item-list-wrap hide"><li id="cat300549" aria-selected="false"><a title="" class="category-text " href="https://mfront.homeplus.co.kr/list?categoryDepth=3&amp;categoryId=300549">도시락/보온/보냉</a></li></ul><ul role="group" aria-labelledby="cat200658" class="category-item-list-wrap hide"><li id="cat300571" aria-selected="false"><a title="" class="category-text " href="https://mfront.homeplus.co.kr/list?categoryDepth=3&amp;categoryId=300571">제빵/기타용품</a></li><li id="cat300550" aria-selected="false"><a title="" class="category-text " href="https://mfront.homeplus.co.kr/list?categoryDepth=3&amp;categoryId=300550">믹싱볼/채망</a></li><li id="cat300569" aria-selected="false"><a title="" class="category-text " href="https://mfront.homeplus.co.kr/list?categoryDepth=3&amp;categoryId=300569">국자/집개/주방 소도구</a></li></ul><ul role="group" aria-labelledby="cat200659" class="category-item-list-wrap hide"><li id="cat300572" aria-selected="false"><a title="" class="category-text " href="https://mfront.homeplus.co.kr/list?categoryDepth=3&amp;categoryId=300572">칼/용품</a></li><li id="cat300570" aria-selected="false"><a title="" class="category-text " href="https://mfront.homeplus.co.kr/list?categoryDepth=3&amp;categoryId=300570">도마</a></li><li id="cat300568" aria-selected="false"><a title="" class="category-text " href="https://mfront.homeplus.co.kr/list?categoryDepth=3&amp;categoryId=300568">가위/슬라이서</a></li></ul><ul role="group" aria-labelledby="cat200145" class="category-item-list-wrap hide"><li id="cat300562" aria-selected="false"><a title="" class="category-text " href="https://mfront.homeplus.co.kr/list?categoryDepth=3&amp;categoryId=300562">설거지용품</a></li><li id="cat300563" aria-selected="false"><a title="" class="category-text " href="https://mfront.homeplus.co.kr/list?categoryDepth=3&amp;categoryId=300563">수저/쟁반/식탁소품</a></li><li id="cat300561" aria-selected="false"><a title="" class="category-text " href="https://mfront.homeplus.co.kr/list?categoryDepth=3&amp;categoryId=300561">홈세트/기타</a></li><li id="cat300564" aria-selected="false"><a title="" class="category-text " href="https://mfront.homeplus.co.kr/list?categoryDepth=3&amp;categoryId=300564">싱크대 용품</a></li></ul><ul role="group" aria-labelledby="cat200660" class="category-item-list-wrap hide"><li id="cat300577" aria-selected="false"><a title="" class="category-text " href="https://mfront.homeplus.co.kr/list?categoryDepth=3&amp;categoryId=300577">커피용품</a></li></ul><ul role="group" aria-labelledby="cat100043" class="category-item-list-wrap hide"><li id="cat200346" aria-selected="false"><a title="" class="category-text " href="https://mfront.homeplus.co.kr/list?categoryDepth=2&amp;categoryId=200346">거실장/거실가구</a></li><li id="cat200347" aria-selected="false"><a title="" class="category-text " href="https://mfront.homeplus.co.kr/list?categoryDepth=2&amp;categoryId=200347">매트리스</a></li><li id="cat200350" aria-selected="false"><a title="" class="category-text " href="https://mfront.homeplus.co.kr/list?categoryDepth=2&amp;categoryId=200350">의자</a></li><li id="cat200351" aria-selected="false"><a title="" class="category-text " href="https://mfront.homeplus.co.kr/list?categoryDepth=2&amp;categoryId=200351">책상</a></li><li id="cat200353" aria-selected="false"><a title="" class="category-text " href="https://mfront.homeplus.co.kr/list?categoryDepth=2&amp;categoryId=200353">책장</a></li><li id="cat200354" aria-selected="false"><a title="" class="category-text " href="https://mfront.homeplus.co.kr/list?categoryDepth=2&amp;categoryId=200354">침대</a></li><li id="cat200355" aria-selected="false"><a title="" class="category-text " href="https://mfront.homeplus.co.kr/list?categoryDepth=2&amp;categoryId=200355">화장대/거울</a></li><li id="cat200358" aria-selected="false"><a title="" class="category-text " href="https://mfront.homeplus.co.kr/list?categoryDepth=2&amp;categoryId=200358">밥상/식탁</a></li><li id="cat200360" aria-selected="false"><a title="" class="category-text " href="https://mfront.homeplus.co.kr/list?categoryDepth=2&amp;categoryId=200360">욕실 가구</a></li><li id="cat200362" aria-selected="false"><a title="" class="category-text " href="https://mfront.homeplus.co.kr/list?categoryDepth=2&amp;categoryId=200362">주방가구</a></li></ul><ul role="group" aria-labelledby="cat100045" class="category-item-list-wrap hide"><li id="cat200364" aria-selected="false"><a title="" class="category-text " href="https://mfront.homeplus.co.kr/list?categoryDepth=2&amp;categoryId=200364">리빙박스/정리함</a></li><li id="cat200365" aria-selected="false"><a title="" class="category-text " href="https://mfront.homeplus.co.kr/list?categoryDepth=2&amp;categoryId=200365">서랍장/수납장</a></li><li id="cat200366" aria-selected="false"><a title="" class="category-text " href="https://mfront.homeplus.co.kr/list?categoryDepth=2&amp;categoryId=200366">선반/정리대</a></li><li id="cat200367" aria-selected="false"><a title="" class="category-text " href="https://mfront.homeplus.co.kr/list?categoryDepth=2&amp;categoryId=200367">수납서랍</a></li><li id="cat200368" aria-selected="false"><a title="" class="category-text " href="https://mfront.homeplus.co.kr/list?categoryDepth=2&amp;categoryId=200368">수납소품/바구니</a></li><li id="cat200369" aria-selected="false"><a title="" class="category-text " href="https://mfront.homeplus.co.kr/list?categoryDepth=2&amp;categoryId=200369">옷걸이/옷커버/압축팩</a></li><li id="cat200370" aria-selected="false"><a title="" class="category-text " href="https://mfront.homeplus.co.kr/list?categoryDepth=2&amp;categoryId=200370">행거</a></li></ul><ul role="group" aria-labelledby="cat100047" class="category-item-list-wrap hide"><li id="cat200371" aria-selected="false"><a title="" class="category-text " href="https://mfront.homeplus.co.kr/list?categoryDepth=2&amp;categoryId=200371">그림/액자</a></li><li id="cat200372" aria-selected="false"><a title="" class="category-text " href="https://mfront.homeplus.co.kr/list?categoryDepth=2&amp;categoryId=200372">모기장/방충망</a></li><li id="cat200376" aria-selected="false"><a title="" class="category-text " href="https://mfront.homeplus.co.kr/list?categoryDepth=2&amp;categoryId=200376">샹들리에/조명등기구</a></li><li id="cat200377" aria-selected="false"><a title="" class="category-text " href="https://mfront.homeplus.co.kr/list?categoryDepth=2&amp;categoryId=200377">스탠드</a></li><li id="cat200378" aria-selected="false"><a title="" class="category-text " href="https://mfront.homeplus.co.kr/list?categoryDepth=2&amp;categoryId=200378">시계</a></li><li id="cat200380" aria-selected="false"><a title="" class="category-text " href="https://mfront.homeplus.co.kr/list?categoryDepth=2&amp;categoryId=200380">시트지</a></li><li id="cat200382" aria-selected="false"><a title="" class="category-text " href="https://mfront.homeplus.co.kr/list?categoryDepth=2&amp;categoryId=200382">원예</a></li><li id="cat200385" aria-selected="false"><a title="" class="category-text " href="https://mfront.homeplus.co.kr/list?categoryDepth=2&amp;categoryId=200385">이외 인테리어 소품</a></li><li id="cat200387" aria-selected="false"><a title="" class="category-text " href="https://mfront.homeplus.co.kr/list?categoryDepth=2&amp;categoryId=200387">조명</a></li><li id="cat200389" aria-selected="false"><a title="" class="category-text " href="https://mfront.homeplus.co.kr/list?categoryDepth=2&amp;categoryId=200389">캔들/디퓨져</a></li><li id="cat200390" aria-selected="false"><a title="" class="category-text " href="https://mfront.homeplus.co.kr/list?categoryDepth=2&amp;categoryId=200390">크리스마스트리/소품</a></li><li id="cat200391" aria-selected="false"><a title="" class="category-text " href="https://mfront.homeplus.co.kr/list?categoryDepth=2&amp;categoryId=200391">페인트/바니쉬</a></li></ul><ul role="group" aria-labelledby="cat100049" class="category-item-list-wrap hide"><li id="cat200410" aria-selected="false"><a title="" class="category-text " href="https://mfront.homeplus.co.kr/list?categoryDepth=2&amp;categoryId=200410">베개/베개커버</a></li><li id="cat200412" aria-selected="false"><a title="" class="category-text " href="https://mfront.homeplus.co.kr/list?categoryDepth=2&amp;categoryId=200412">요/패드/매트커버</a></li><li id="cat200413" aria-selected="false"><a title="" class="category-text " href="https://mfront.homeplus.co.kr/list?categoryDepth=2&amp;categoryId=200413">유아 침구</a></li><li id="cat200414" aria-selected="false"><a title="" class="category-text " href="https://mfront.homeplus.co.kr/list?categoryDepth=2&amp;categoryId=200414">이불/이불커버</a></li><li id="cat200415" aria-selected="false"><a title="" class="category-text " href="https://mfront.homeplus.co.kr/list?categoryDepth=2&amp;categoryId=200415">침구세트</a></li></ul><ul role="group" aria-labelledby="cat100050" class="category-item-list-wrap hide"><li id="cat200416" aria-selected="false"><a title="" class="category-text " href="https://mfront.homeplus.co.kr/list?categoryDepth=2&amp;categoryId=200416">블라인드/롤스크린</a></li><li id="cat200417" aria-selected="false"><a title="" class="category-text " href="https://mfront.homeplus.co.kr/list?categoryDepth=2&amp;categoryId=200417">커튼</a></li></ul><ul role="group" aria-labelledby="cat100051" class="category-item-list-wrap hide"><li id="cat200418" aria-selected="false"><a title="" class="category-text " href="https://mfront.homeplus.co.kr/list?categoryDepth=2&amp;categoryId=200418">거실슬리퍼</a></li><li id="cat200419" aria-selected="false"><a title="" class="category-text " href="https://mfront.homeplus.co.kr/list?categoryDepth=2&amp;categoryId=200419">장바구니</a></li><li id="cat200420" aria-selected="false"><a title="" class="category-text " href="https://mfront.homeplus.co.kr/list?categoryDepth=2&amp;categoryId=200420">주방수예</a></li><li id="cat200421" aria-selected="false"><a title="" class="category-text " href="https://mfront.homeplus.co.kr/list?categoryDepth=2&amp;categoryId=200421">카페트/러그/매트</a></li><li id="cat200422" aria-selected="false"><a title="" class="category-text " href="https://mfront.homeplus.co.kr/list?categoryDepth=2&amp;categoryId=200422">쿠션/방석</a></li></ul><ul role="group" aria-labelledby="cat200387" class="category-item-list-wrap hide"><li id="cat302246" aria-selected="false"><a title="" class="category-text " href="https://mfront.homeplus.co.kr/list?categoryDepth=3&amp;categoryId=302246">LED전구</a></li><li id="cat302247" aria-selected="false"><a title="" class="category-text " href="https://mfront.homeplus.co.kr/list?categoryDepth=3&amp;categoryId=302247">등기구</a></li><li id="cat302248" aria-selected="false"><a title="" class="category-text " href="https://mfront.homeplus.co.kr/list?categoryDepth=3&amp;categoryId=302248">랜턴</a></li><li id="cat302249" aria-selected="false"><a title="" class="category-text " href="https://mfront.homeplus.co.kr/list?categoryDepth=3&amp;categoryId=302249">백열전구</a></li><li id="cat302250" aria-selected="false"><a title="" class="category-text " href="https://mfront.homeplus.co.kr/list?categoryDepth=3&amp;categoryId=302250">이관형광등</a></li><li id="cat302252" aria-selected="false"><a title="" class="category-text " href="https://mfront.homeplus.co.kr/list?categoryDepth=3&amp;categoryId=302252">장식전구</a></li><li id="cat302253" aria-selected="false"><a title="" class="category-text " href="https://mfront.homeplus.co.kr/list?categoryDepth=3&amp;categoryId=302253">직관등</a></li><li id="cat302254" aria-selected="false"><a title="" class="category-text " href="https://mfront.homeplus.co.kr/list?categoryDepth=3&amp;categoryId=302254">취침등</a></li><li id="cat302255" aria-selected="false"><a title="" class="category-text " href="https://mfront.homeplus.co.kr/list?categoryDepth=3&amp;categoryId=302255">콤팩트램프</a></li><li id="cat302257" aria-selected="false"><a title="" class="category-text " href="https://mfront.homeplus.co.kr/list?categoryDepth=3&amp;categoryId=302257">환형형광등</a></li></ul><ul role="group" aria-labelledby="cat200382" class="category-item-list-wrap hide"><li id="cat303524" aria-selected="false"><a title="" class="category-text " href="https://mfront.homeplus.co.kr/list?categoryDepth=3&amp;categoryId=303524">화분</a></li><li id="cat303525" aria-selected="false"><a title="" class="category-text " href="https://mfront.homeplus.co.kr/list?categoryDepth=3&amp;categoryId=303525">화분받침</a></li><li id="cat303526" aria-selected="false"><a title="" class="category-text " href="https://mfront.homeplus.co.kr/list?categoryDepth=3&amp;categoryId=303526">씨앗</a></li><li id="cat303527" aria-selected="false"><a title="" class="category-text " href="https://mfront.homeplus.co.kr/list?categoryDepth=3&amp;categoryId=303527">텃밭세트</a></li><li id="cat303528" aria-selected="false"><a title="" class="category-text " href="https://mfront.homeplus.co.kr/list?categoryDepth=3&amp;categoryId=303528">원예도구/소품</a></li><li id="cat303529" aria-selected="false"><a title="" class="category-text " href="https://mfront.homeplus.co.kr/list?categoryDepth=3&amp;categoryId=303529">분무기/물조리개</a></li><li id="cat303530" aria-selected="false"><a title="" class="category-text " href="https://mfront.homeplus.co.kr/list?categoryDepth=3&amp;categoryId=303530">배양토</a></li><li id="cat303531" aria-selected="false"><a title="" class="category-text " href="https://mfront.homeplus.co.kr/list?categoryDepth=3&amp;categoryId=303531">영양제</a></li></ul><ul role="group" aria-labelledby="cat100048" class="category-item-list-wrap hide"><li id="cat200394" aria-selected="false"><a title="" class="category-text " href="https://mfront.homeplus.co.kr/list?categoryDepth=2&amp;categoryId=200394">목공/수공구/연결용품</a></li><li id="cat200396" aria-selected="false"><a title="" class="category-text " href="https://mfront.homeplus.co.kr/list?categoryDepth=2&amp;categoryId=200396">문풍지/단열에어캡</a></li><li id="cat200400" aria-selected="false"><a title="" class="category-text " href="https://mfront.homeplus.co.kr/list?categoryDepth=2&amp;categoryId=200400">안전기구/용품</a></li><li id="cat200404" aria-selected="false"><a title="" class="category-text " href="https://mfront.homeplus.co.kr/list?categoryDepth=2&amp;categoryId=200404">운반기구/용품</a></li><li id="cat200406" aria-selected="false"><a title="" class="category-text " href="https://mfront.homeplus.co.kr/list?categoryDepth=2&amp;categoryId=200406">전기용품</a></li><li id="cat200407" aria-selected="false"><a title="" class="category-text " href="https://mfront.homeplus.co.kr/list?categoryDepth=2&amp;categoryId=200407">전동공구</a></li><li id="cat200408" aria-selected="false"><a title="" class="category-text " href="https://mfront.homeplus.co.kr/list?categoryDepth=2&amp;categoryId=200408">접착/보수재</a></li></ul><ul role="group" aria-labelledby="cat100076" class="category-item-list-wrap hide"><li id="cat200673" aria-selected="false"><a title="" class="category-text " href="https://mfront.homeplus.co.kr/list?categoryDepth=2&amp;categoryId=200673">건전지</a></li></ul><ul role="group" aria-labelledby="cat100035" class="category-item-list-wrap hide"><li id="cat200312" aria-selected="false"><a title="" class="category-text " href="https://mfront.homeplus.co.kr/list?categoryDepth=2&amp;categoryId=200312">니트/스웨터</a></li><li id="cat200313" aria-selected="false"><a title="" class="category-text " href="https://mfront.homeplus.co.kr/list?categoryDepth=2&amp;categoryId=200313">바지</a></li><li id="cat200315" aria-selected="false"><a title="" class="category-text " href="https://mfront.homeplus.co.kr/list?categoryDepth=2&amp;categoryId=200315">블라우스/셔츠</a></li><li id="cat200317" aria-selected="false"><a title="" class="category-text " href="https://mfront.homeplus.co.kr/list?categoryDepth=2&amp;categoryId=200317">스커트</a></li><li id="cat200318" aria-selected="false"><a title="" class="category-text " href="https://mfront.homeplus.co.kr/list?categoryDepth=2&amp;categoryId=200318">아우터</a></li><li id="cat200319" aria-selected="false"><a title="" class="category-text " href="https://mfront.homeplus.co.kr/list?categoryDepth=2&amp;categoryId=200319">원피스/세트</a></li><li id="cat200320" aria-selected="false"><a title="" class="category-text " href="https://mfront.homeplus.co.kr/list?categoryDepth=2&amp;categoryId=200320">청바지</a></li><li id="cat200321" aria-selected="false"><a title="" class="category-text " href="https://mfront.homeplus.co.kr/list?categoryDepth=2&amp;categoryId=200321">트레이닝복</a></li><li id="cat200322" aria-selected="false"><a title="" class="category-text " href="https://mfront.homeplus.co.kr/list?categoryDepth=2&amp;categoryId=200322">티셔츠</a></li></ul><ul role="group" aria-labelledby="cat100036" class="category-item-list-wrap hide"><li id="cat200323" aria-selected="false"><a title="" class="category-text " href="https://mfront.homeplus.co.kr/list?categoryDepth=2&amp;categoryId=200323">셔츠/남방</a></li><li id="cat200602" aria-selected="false"><a title="" class="category-text " href="https://mfront.homeplus.co.kr/list?categoryDepth=2&amp;categoryId=200602">니트/스웨터</a></li><li id="cat200603" aria-selected="false"><a title="" class="category-text " href="https://mfront.homeplus.co.kr/list?categoryDepth=2&amp;categoryId=200603">바지</a></li><li id="cat200604" aria-selected="false"><a title="" class="category-text " href="https://mfront.homeplus.co.kr/list?categoryDepth=2&amp;categoryId=200604">수영복</a></li><li id="cat200606" aria-selected="false"><a title="" class="category-text " href="https://mfront.homeplus.co.kr/list?categoryDepth=2&amp;categoryId=200606">아우터</a></li><li id="cat200609" aria-selected="false"><a title="" class="category-text " href="https://mfront.homeplus.co.kr/list?categoryDepth=2&amp;categoryId=200609">청바지</a></li><li id="cat200610" aria-selected="false"><a title="" class="category-text " href="https://mfront.homeplus.co.kr/list?categoryDepth=2&amp;categoryId=200610">트레이닝복</a></li><li id="cat200611" aria-selected="false"><a title="" class="category-text " href="https://mfront.homeplus.co.kr/list?categoryDepth=2&amp;categoryId=200611">티셔츠</a></li></ul><ul role="group" aria-labelledby="cat100037" class="category-item-list-wrap hide"><li id="cat200326" aria-selected="false"><a title="" class="category-text " href="https://mfront.homeplus.co.kr/list?categoryDepth=2&amp;categoryId=200326">상의</a></li><li id="cat200327" aria-selected="false"><a title="" class="category-text " href="https://mfront.homeplus.co.kr/list?categoryDepth=2&amp;categoryId=200327">하의</a></li><li id="cat200607" aria-selected="false"><a title="" class="category-text " href="https://mfront.homeplus.co.kr/list?categoryDepth=2&amp;categoryId=200607">아우터</a></li><li id="cat200608" aria-selected="false"><a title="" class="category-text " href="https://mfront.homeplus.co.kr/list?categoryDepth=2&amp;categoryId=200608">원피스/세트</a></li></ul><ul role="group" aria-labelledby="cat100038" class="category-item-list-wrap hide"><li id="cat200328" aria-selected="false"><a title="" class="category-text " href="https://mfront.homeplus.co.kr/list?categoryDepth=2&amp;categoryId=200328">런닝/캐미솔</a></li><li id="cat200330" aria-selected="false"><a title="" class="category-text " href="https://mfront.homeplus.co.kr/list?categoryDepth=2&amp;categoryId=200330">브라</a></li><li id="cat200335" aria-selected="false"><a title="" class="category-text " href="https://mfront.homeplus.co.kr/list?categoryDepth=2&amp;categoryId=200335">팬티</a></li></ul><ul role="group" aria-labelledby="cat100039" class="category-item-list-wrap hide"><li id="cat200336" aria-selected="false"><a title="" class="category-text " href="https://mfront.homeplus.co.kr/list?categoryDepth=2&amp;categoryId=200336">런닝</a></li><li id="cat200615" aria-selected="false"><a title="" class="category-text " href="https://mfront.homeplus.co.kr/list?categoryDepth=2&amp;categoryId=200615">팬티</a></li></ul><ul role="group" aria-labelledby="cat100040" class="category-item-list-wrap hide"><li id="cat200616" aria-selected="false"><a title="" class="category-text " href="https://mfront.homeplus.co.kr/list?categoryDepth=2&amp;categoryId=200616">팬티</a></li><li id="cat200617" aria-selected="false"><a title="" class="category-text " href="https://mfront.homeplus.co.kr/list?categoryDepth=2&amp;categoryId=200617">런닝</a></li></ul><ul role="group" aria-labelledby="cat100071" class="category-item-list-wrap hide"><li id="cat200646" aria-selected="false"><a title="" class="category-text " href="https://mfront.homeplus.co.kr/list?categoryDepth=2&amp;categoryId=200646">성인잠옷/홈웨어</a></li><li id="cat200647" aria-selected="false"><a title="" class="category-text " href="https://mfront.homeplus.co.kr/list?categoryDepth=2&amp;categoryId=200647">아동잠옷/홈웨어</a></li></ul><ul role="group" aria-labelledby="cat100072" class="category-item-list-wrap hide"><li id="cat200649" aria-selected="false"><a title="" class="category-text " href="https://mfront.homeplus.co.kr/list?categoryDepth=2&amp;categoryId=200649">성인내의</a></li><li id="cat200648" aria-selected="false"><a title="" class="category-text " href="https://mfront.homeplus.co.kr/list?categoryDepth=2&amp;categoryId=200648">아동내의</a></li></ul><ul role="group" aria-labelledby="cat200341" class="category-item-list-wrap hide"><li id="cat301973" aria-selected="false"><a title="" class="category-text " href="https://mfront.homeplus.co.kr/list?categoryDepth=3&amp;categoryId=301973">스타킹/덧신</a></li><li id="cat301974" aria-selected="false"><a title="" class="category-text " href="https://mfront.homeplus.co.kr/list?categoryDepth=3&amp;categoryId=301974">양말</a></li></ul><ul role="group" aria-labelledby="cat200338" class="category-item-list-wrap hide"><li id="cat301956" aria-selected="false"><a title="" class="category-text " href="https://mfront.homeplus.co.kr/list?categoryDepth=3&amp;categoryId=301956">남성가방</a></li><li id="cat301957" aria-selected="false"><a title="" class="category-text " href="https://mfront.homeplus.co.kr/list?categoryDepth=3&amp;categoryId=301957">모자</a></li><li id="cat301958" aria-selected="false"><a title="" class="category-text " href="https://mfront.homeplus.co.kr/list?categoryDepth=3&amp;categoryId=301958">스카프/머플러</a></li><li id="cat301960" aria-selected="false"><a title="" class="category-text " href="https://mfront.homeplus.co.kr/list?categoryDepth=3&amp;categoryId=301960">아동가방</a></li><li id="cat301961" aria-selected="false"><a title="" class="category-text " href="https://mfront.homeplus.co.kr/list?categoryDepth=3&amp;categoryId=301961">여성가방</a></li><li id="cat301962" aria-selected="false"><a title="" class="category-text " href="https://mfront.homeplus.co.kr/list?categoryDepth=3&amp;categoryId=301962">우산/우의</a></li><li id="cat301963" aria-selected="false"><a title="" class="category-text " href="https://mfront.homeplus.co.kr/list?categoryDepth=3&amp;categoryId=301963">장갑/시즌소품</a></li><li id="cat301964" aria-selected="false"><a title="" class="category-text " href="https://mfront.homeplus.co.kr/list?categoryDepth=3&amp;categoryId=301964">지갑/벨트</a></li><li id="cat301965" aria-selected="false"><a title="" class="category-text " href="https://mfront.homeplus.co.kr/list?categoryDepth=3&amp;categoryId=301965">캐리어/여행가방</a></li></ul><ul role="group" aria-labelledby="cat200339" class="category-item-list-wrap hide"><li id="cat301966" aria-selected="false"><a title="" class="category-text " href="https://mfront.homeplus.co.kr/list?categoryDepth=3&amp;categoryId=301966">선글라스/안경테</a></li><li id="cat301967" aria-selected="false"><a title="" class="category-text " href="https://mfront.homeplus.co.kr/list?categoryDepth=3&amp;categoryId=301967">주얼리</a></li><li id="cat301968" aria-selected="false"><a title="" class="category-text " href="https://mfront.homeplus.co.kr/list?categoryDepth=3&amp;categoryId=301968">패션시계</a></li></ul><ul role="group" aria-labelledby="cat200340" class="category-item-list-wrap hide"><li id="cat301969" aria-selected="false"><a title="" class="category-text " href="https://mfront.homeplus.co.kr/list?categoryDepth=3&amp;categoryId=301969">남성화</a></li><li id="cat301970" aria-selected="false"><a title="" class="category-text " href="https://mfront.homeplus.co.kr/list?categoryDepth=3&amp;categoryId=301970">여성화</a></li><li id="cat301971" aria-selected="false"><a title="" class="category-text " href="https://mfront.homeplus.co.kr/list?categoryDepth=3&amp;categoryId=301971">운동화</a></li><li id="cat301972" aria-selected="false"><a title="" class="category-text " href="https://mfront.homeplus.co.kr/list?categoryDepth=3&amp;categoryId=301972">캐주얼화</a></li></ul><ul role="group" aria-labelledby="cat200266" class="category-item-list-wrap hide"><li id="cat301617" aria-selected="false"><a title="" class="category-text " href="https://mfront.homeplus.co.kr/list?categoryDepth=3&amp;categoryId=301617">라벨/라벨지/견출지</a></li><li id="cat301618" aria-selected="false"><a title="" class="category-text " href="https://mfront.homeplus.co.kr/list?categoryDepth=3&amp;categoryId=301618">사진인화/포토용지</a></li><li id="cat301619" aria-selected="false"><a title="" class="category-text " href="https://mfront.homeplus.co.kr/list?categoryDepth=3&amp;categoryId=301619">이외 전용지</a></li><li id="cat301620" aria-selected="false"><a title="" class="category-text " href="https://mfront.homeplus.co.kr/list?categoryDepth=3&amp;categoryId=301620">코팅지</a></li><li id="cat301542" aria-selected="false"><a title="" class="category-text " href="https://mfront.homeplus.co.kr/list?categoryDepth=3&amp;categoryId=301542">A3 용지</a></li><li id="cat301543" aria-selected="false"><a title="" class="category-text " href="https://mfront.homeplus.co.kr/list?categoryDepth=3&amp;categoryId=301543">A4 용지</a></li><li id="cat301544" aria-selected="false"><a title="" class="category-text " href="https://mfront.homeplus.co.kr/list?categoryDepth=3&amp;categoryId=301544">B4/B5 용지</a></li><li id="cat301545" aria-selected="false"><a title="" class="category-text " href="https://mfront.homeplus.co.kr/list?categoryDepth=3&amp;categoryId=301545">서식</a></li><li id="cat301546" aria-selected="false"><a title="" class="category-text " href="https://mfront.homeplus.co.kr/list?categoryDepth=3&amp;categoryId=301546">이외 복사용지</a></li><li id="cat301548" aria-selected="false"><a title="" class="category-text " href="https://mfront.homeplus.co.kr/list?categoryDepth=3&amp;categoryId=301548">컬러 복사용지</a></li></ul><ul role="group" aria-labelledby="cat200261" class="category-item-list-wrap hide"><li id="cat301556" aria-selected="false"><a title="" class="category-text " href="https://mfront.homeplus.co.kr/list?categoryDepth=3&amp;categoryId=301556">계산기</a></li><li id="cat301557" aria-selected="false"><a title="" class="category-text " href="https://mfront.homeplus.co.kr/list?categoryDepth=3&amp;categoryId=301557">공학용 계산기</a></li><li id="cat301558" aria-selected="false"><a title="" class="category-text " href="https://mfront.homeplus.co.kr/list?categoryDepth=3&amp;categoryId=301558">금고</a></li><li id="cat301559" aria-selected="false"><a title="" class="category-text " href="https://mfront.homeplus.co.kr/list?categoryDepth=3&amp;categoryId=301559">동전/지폐 계수기</a></li><li id="cat301560" aria-selected="false"><a title="" class="category-text " href="https://mfront.homeplus.co.kr/list?categoryDepth=3&amp;categoryId=301560">문서 세단기</a></li><li id="cat301561" aria-selected="false"><a title="" class="category-text " href="https://mfront.homeplus.co.kr/list?categoryDepth=3&amp;categoryId=301561">소모품</a></li><li id="cat301562" aria-selected="false"><a title="" class="category-text " href="https://mfront.homeplus.co.kr/list?categoryDepth=3&amp;categoryId=301562">이외 사무기기</a></li><li id="cat301563" aria-selected="false"><a title="" class="category-text " href="https://mfront.homeplus.co.kr/list?categoryDepth=3&amp;categoryId=301563">재단기</a></li><li id="cat301565" aria-selected="false"><a title="" class="category-text " href="https://mfront.homeplus.co.kr/list?categoryDepth=3&amp;categoryId=301565">제본기</a></li><li id="cat301566" aria-selected="false"><a title="" class="category-text " href="https://mfront.homeplus.co.kr/list?categoryDepth=3&amp;categoryId=301566">천공기</a></li><li id="cat301567" aria-selected="false"><a title="" class="category-text " href="https://mfront.homeplus.co.kr/list?categoryDepth=3&amp;categoryId=301567">출퇴근 기록기</a></li><li id="cat301568" aria-selected="false"><a title="" class="category-text " href="https://mfront.homeplus.co.kr/list?categoryDepth=3&amp;categoryId=301568">코팅기</a></li><li id="cat301510" aria-selected="false"><a title="" class="category-text " href="https://mfront.homeplus.co.kr/list?categoryDepth=3&amp;categoryId=301510">데스크매트</a></li><li id="cat301511" aria-selected="false"><a title="" class="category-text " href="https://mfront.homeplus.co.kr/list?categoryDepth=3&amp;categoryId=301511">독서용품</a></li><li id="cat301512" aria-selected="false"><a title="" class="category-text " href="https://mfront.homeplus.co.kr/list?categoryDepth=3&amp;categoryId=301512">메모 홀더</a></li><li id="cat301513" aria-selected="false"><a title="" class="category-text " href="https://mfront.homeplus.co.kr/list?categoryDepth=3&amp;categoryId=301513">명찰/이름표</a></li><li id="cat301514" aria-selected="false"><a title="" class="category-text " href="https://mfront.homeplus.co.kr/list?categoryDepth=3&amp;categoryId=301514">문서보관함</a></li><li id="cat301515" aria-selected="false"><a title="" class="category-text " href="https://mfront.homeplus.co.kr/list?categoryDepth=3&amp;categoryId=301515">서류꽂이/오거나이저</a></li><li id="cat301516" aria-selected="false"><a title="" class="category-text " href="https://mfront.homeplus.co.kr/list?categoryDepth=3&amp;categoryId=301516">서류함/보관상자</a></li><li id="cat301517" aria-selected="false"><a title="" class="category-text " href="https://mfront.homeplus.co.kr/list?categoryDepth=3&amp;categoryId=301517">연필꽂이</a></li><li id="cat301518" aria-selected="false"><a title="" class="category-text " href="https://mfront.homeplus.co.kr/list?categoryDepth=3&amp;categoryId=301518">이외 데스크/사무 용품</a></li><li id="cat301519" aria-selected="false"><a title="" class="category-text " href="https://mfront.homeplus.co.kr/list?categoryDepth=3&amp;categoryId=301519">책꽃이</a></li><li id="cat301520" aria-selected="false"><a title="" class="category-text " href="https://mfront.homeplus.co.kr/list?categoryDepth=3&amp;categoryId=301520">침핀류</a></li><li id="cat301521" aria-selected="false"><a title="" class="category-text " href="https://mfront.homeplus.co.kr/list?categoryDepth=3&amp;categoryId=301521">클립/핀</a></li></ul><ul role="group" aria-labelledby="cat200260" class="category-item-list-wrap hide"><li id="cat301657" aria-selected="false"><a title="" class="category-text " href="https://mfront.homeplus.co.kr/list?categoryDepth=3&amp;categoryId=301657">답례봉투/감사봉투</a></li><li id="cat301658" aria-selected="false"><a title="" class="category-text " href="https://mfront.homeplus.co.kr/list?categoryDepth=3&amp;categoryId=301658">돈봉투</a></li><li id="cat301660" aria-selected="false"><a title="" class="category-text " href="https://mfront.homeplus.co.kr/list?categoryDepth=3&amp;categoryId=301660">봉제품</a></li><li id="cat301661" aria-selected="false"><a title="" class="category-text " href="https://mfront.homeplus.co.kr/list?categoryDepth=3&amp;categoryId=301661">서류/각대봉투</a></li><li id="cat301662" aria-selected="false"><a title="" class="category-text " href="https://mfront.homeplus.co.kr/list?categoryDepth=3&amp;categoryId=301662">이외 편지지/엽서/봉투</a></li><li id="cat301663" aria-selected="false"><a title="" class="category-text " href="https://mfront.homeplus.co.kr/list?categoryDepth=3&amp;categoryId=301663">카드/엽서</a></li><li id="cat301664" aria-selected="false"><a title="" class="category-text " href="https://mfront.homeplus.co.kr/list?categoryDepth=3&amp;categoryId=301664">편지지/편지세트</a></li><li id="cat301501" aria-selected="false"><a title="" class="category-text " href="https://mfront.homeplus.co.kr/list?categoryDepth=3&amp;categoryId=301501">노트/공책</a></li><li id="cat301502" aria-selected="false"><a title="" class="category-text " href="https://mfront.homeplus.co.kr/list?categoryDepth=3&amp;categoryId=301502">다이어리 속지</a></li><li id="cat301503" aria-selected="false"><a title="" class="category-text " href="https://mfront.homeplus.co.kr/list?categoryDepth=3&amp;categoryId=301503">달력/캘린더</a></li><li id="cat301504" aria-selected="false"><a title="" class="category-text " href="https://mfront.homeplus.co.kr/list?categoryDepth=3&amp;categoryId=301504">만년/시스템 다이어리</a></li><li id="cat301505" aria-selected="false"><a title="" class="category-text " href="https://mfront.homeplus.co.kr/list?categoryDepth=3&amp;categoryId=301505">수첩/장부</a></li><li id="cat301506" aria-selected="false"><a title="" class="category-text " href="https://mfront.homeplus.co.kr/list?categoryDepth=3&amp;categoryId=301506">스케줄러/플래너</a></li><li id="cat301508" aria-selected="false"><a title="" class="category-text " href="https://mfront.homeplus.co.kr/list?categoryDepth=3&amp;categoryId=301508">포스트잇/메모지/스티커</a></li></ul><ul role="group" aria-labelledby="cat100074" class="category-item-list-wrap hide"><li id="cat200255" aria-selected="false"><a title="" class="category-text " href="https://mfront.homeplus.co.kr/list?categoryDepth=2&amp;categoryId=200255">공예</a></li><li id="cat200265" aria-selected="false"><a title="" class="category-text " href="https://mfront.homeplus.co.kr/list?categoryDepth=2&amp;categoryId=200265">미술 보조 용품</a></li><li id="cat200267" aria-selected="false"><a title="" class="category-text " href="https://mfront.homeplus.co.kr/list?categoryDepth=2&amp;categoryId=200267">붓/물감/채색용품</a></li><li id="cat200270" aria-selected="false"><a title="" class="category-text " href="https://mfront.homeplus.co.kr/list?categoryDepth=2&amp;categoryId=200270">스케치/드로잉 용품</a></li><li id="cat200271" aria-selected="false"><a title="" class="category-text " href="https://mfront.homeplus.co.kr/list?categoryDepth=2&amp;categoryId=200271">스케치북/미술지류</a></li></ul><ul role="group" aria-labelledby="cat100075" class="category-item-list-wrap hide"><li id="cat200282" aria-selected="false"><a title="" class="category-text " href="https://mfront.homeplus.co.kr/list?categoryDepth=2&amp;categoryId=200282">포장용품/선물포장</a></li><li id="cat200280" aria-selected="false"><a title="" class="category-text " href="https://mfront.homeplus.co.kr/list?categoryDepth=2&amp;categoryId=200280">팬시/기념 용품</a></li><li id="cat200274" aria-selected="false"><a title="" class="category-text " href="https://mfront.homeplus.co.kr/list?categoryDepth=2&amp;categoryId=200274">이벤트/파티용품</a></li></ul><ul role="group" aria-labelledby="cat200283" class="category-item-list-wrap hide"><li id="cat301610" aria-selected="false"><a title="" class="category-text " href="https://mfront.homeplus.co.kr/list?categoryDepth=3&amp;categoryId=301610">리코더/하모니카</a></li><li id="cat301611" aria-selected="false"><a title="" class="category-text " href="https://mfront.homeplus.co.kr/list?categoryDepth=3&amp;categoryId=301611">이외 악기/악기용품</a></li><li id="cat301674" aria-selected="false"><a title="" class="category-text " href="https://mfront.homeplus.co.kr/list?categoryDepth=3&amp;categoryId=301674">멜로디언/멜로디언호스</a></li><li id="cat301675" aria-selected="false"><a title="" class="category-text " href="https://mfront.homeplus.co.kr/list?categoryDepth=3&amp;categoryId=301675">신디사이저/키보드</a></li><li id="cat301678" aria-selected="false"><a title="" class="category-text " href="https://mfront.homeplus.co.kr/list?categoryDepth=3&amp;categoryId=301678">전자/디지털 피아노</a></li></ul><ul role="group" aria-labelledby="cat200284" class="category-item-list-wrap hide"><li id="cat301703" aria-selected="false"><a title="" class="category-text " href="https://mfront.homeplus.co.kr/list?categoryDepth=3&amp;categoryId=301703">본드/접착제</a></li><li id="cat301706" aria-selected="false"><a title="" class="category-text " href="https://mfront.homeplus.co.kr/list?categoryDepth=3&amp;categoryId=301706">스카치테이프/양면테이프</a></li><li id="cat301707" aria-selected="false"><a title="" class="category-text " href="https://mfront.homeplus.co.kr/list?categoryDepth=3&amp;categoryId=301707">이외 스티커</a></li><li id="cat301708" aria-selected="false"><a title="" class="category-text " href="https://mfront.homeplus.co.kr/list?categoryDepth=3&amp;categoryId=301708">이외 학용품/준비물</a></li><li id="cat301709" aria-selected="false"><a title="" class="category-text " href="https://mfront.homeplus.co.kr/list?categoryDepth=3&amp;categoryId=301709">자/모양자</a></li><li id="cat301710" aria-selected="false"><a title="" class="category-text " href="https://mfront.homeplus.co.kr/list?categoryDepth=3&amp;categoryId=301710">지구본/지도</a></li><li id="cat301711" aria-selected="false"><a title="" class="category-text " href="https://mfront.homeplus.co.kr/list?categoryDepth=3&amp;categoryId=301711">체육준비물</a></li><li id="cat301712" aria-selected="false"><a title="" class="category-text " href="https://mfront.homeplus.co.kr/list?categoryDepth=3&amp;categoryId=301712">커터칼/커터날</a></li><li id="cat301713" aria-selected="false"><a title="" class="category-text " href="https://mfront.homeplus.co.kr/list?categoryDepth=3&amp;categoryId=301713">필통</a></li><li id="cat301714" aria-selected="false"><a title="" class="category-text " href="https://mfront.homeplus.co.kr/list?categoryDepth=3&amp;categoryId=301714">학습용품</a></li><li id="cat301718" aria-selected="false"><a title="" class="category-text " href="https://mfront.homeplus.co.kr/list?categoryDepth=3&amp;categoryId=301718">환타스틱스</a></li><li id="cat301700" aria-selected="false"><a title="" class="category-text " href="https://mfront.homeplus.co.kr/list?categoryDepth=3&amp;categoryId=301700">문구선물세트</a></li><li id="cat301699" aria-selected="false"><a title="" class="category-text " href="https://mfront.homeplus.co.kr/list?categoryDepth=3&amp;categoryId=301699">딱풀/물풀</a></li><li id="cat301698" aria-selected="false"><a title="" class="category-text " href="https://mfront.homeplus.co.kr/list?categoryDepth=3&amp;categoryId=301698">데코스티커</a></li><li id="cat301697" aria-selected="false"><a title="" class="category-text " href="https://mfront.homeplus.co.kr/list?categoryDepth=3&amp;categoryId=301697">네임스티커</a></li><li id="cat301695" aria-selected="false"><a title="" class="category-text " href="https://mfront.homeplus.co.kr/list?categoryDepth=3&amp;categoryId=301695">교재용품</a></li><li id="cat301693" aria-selected="false"><a title="" class="category-text " href="https://mfront.homeplus.co.kr/list?categoryDepth=3&amp;categoryId=301693">고무찰흙/지점토</a></li><li id="cat301692" aria-selected="false"><a title="" class="category-text " href="https://mfront.homeplus.co.kr/list?categoryDepth=3&amp;categoryId=301692">가위/안전가위</a></li><li id="cat301680" aria-selected="false"><a title="" class="category-text " href="https://mfront.homeplus.co.kr/list?categoryDepth=3&amp;categoryId=301680">만년필/잉크</a></li><li id="cat301681" aria-selected="false"><a title="" class="category-text " href="https://mfront.homeplus.co.kr/list?categoryDepth=3&amp;categoryId=301681">매직/네임펜</a></li><li id="cat301682" aria-selected="false"><a title="" class="category-text " href="https://mfront.homeplus.co.kr/list?categoryDepth=3&amp;categoryId=301682">볼펜/볼펜심</a></li><li id="cat301683" aria-selected="false"><a title="" class="category-text " href="https://mfront.homeplus.co.kr/list?categoryDepth=3&amp;categoryId=301683">분필/보드마카</a></li><li id="cat301684" aria-selected="false"><a title="" class="category-text " href="https://mfront.homeplus.co.kr/list?categoryDepth=3&amp;categoryId=301684">붓펜/캘리그라피펜</a></li><li id="cat301685" aria-selected="false"><a title="" class="category-text " href="https://mfront.homeplus.co.kr/list?categoryDepth=3&amp;categoryId=301685">샤프/샤프심</a></li><li id="cat301686" aria-selected="false"><a title="" class="category-text " href="https://mfront.homeplus.co.kr/list?categoryDepth=3&amp;categoryId=301686">수정액</a></li><li id="cat301687" aria-selected="false"><a title="" class="category-text " href="https://mfront.homeplus.co.kr/list?categoryDepth=3&amp;categoryId=301687">수정테이프</a></li><li id="cat301688" aria-selected="false"><a title="" class="category-text " href="https://mfront.homeplus.co.kr/list?categoryDepth=3&amp;categoryId=301688">연필</a></li><li id="cat301689" aria-selected="false"><a title="" class="category-text " href="https://mfront.homeplus.co.kr/list?categoryDepth=3&amp;categoryId=301689">연필깎이</a></li><li id="cat301690" aria-selected="false"><a title="" class="category-text " href="https://mfront.homeplus.co.kr/list?categoryDepth=3&amp;categoryId=301690">이외 필기도구</a></li><li id="cat301691" aria-selected="false"><a title="" class="category-text " href="https://mfront.homeplus.co.kr/list?categoryDepth=3&amp;categoryId=301691">형광펜/사인펜</a></li></ul><ul role="group" aria-labelledby="cat200286" class="category-item-list-wrap hide"><li id="cat301595" aria-selected="false"><a title="" class="category-text " href="https://mfront.homeplus.co.kr/list?categoryDepth=3&amp;categoryId=301595">일반포토앨범</a></li><li id="cat301719" aria-selected="false"><a title="" class="category-text " href="https://mfront.homeplus.co.kr/list?categoryDepth=3&amp;categoryId=301719">바인더</a></li><li id="cat301720" aria-selected="false"><a title="" class="category-text " href="https://mfront.homeplus.co.kr/list?categoryDepth=3&amp;categoryId=301720">서류철/결재판/클립보드</a></li><li id="cat301721" aria-selected="false"><a title="" class="category-text " href="https://mfront.homeplus.co.kr/list?categoryDepth=3&amp;categoryId=301721">쫄대/시스템화일</a></li><li id="cat301722" aria-selected="false"><a title="" class="category-text " href="https://mfront.homeplus.co.kr/list?categoryDepth=3&amp;categoryId=301722">클리어화일/속지</a></li></ul><ul role="group" aria-labelledby="cat200279" class="category-item-list-wrap hide"><li id="cat301636" aria-selected="false"><a title="" class="category-text " href="https://mfront.homeplus.co.kr/list?categoryDepth=3&amp;categoryId=301636">보드마카</a></li><li id="cat301637" aria-selected="false"><a title="" class="category-text " href="https://mfront.homeplus.co.kr/list?categoryDepth=3&amp;categoryId=301637">분필/분필지우개</a></li><li id="cat301638" aria-selected="false"><a title="" class="category-text " href="https://mfront.homeplus.co.kr/list?categoryDepth=3&amp;categoryId=301638">블랙/칼라보드/게시판</a></li><li id="cat301639" aria-selected="false"><a title="" class="category-text " href="https://mfront.homeplus.co.kr/list?categoryDepth=3&amp;categoryId=301639">스케줄보드/코르크판/게시판</a></li><li id="cat301640" aria-selected="false"><a title="" class="category-text " href="https://mfront.homeplus.co.kr/list?categoryDepth=3&amp;categoryId=301640">이외 칠판보드/게시판</a></li><li id="cat301641" aria-selected="false"><a title="" class="category-text " href="https://mfront.homeplus.co.kr/list?categoryDepth=3&amp;categoryId=301641">전자노트/전자칠판/부기보드</a></li><li id="cat301642" aria-selected="false"><a title="" class="category-text " href="https://mfront.homeplus.co.kr/list?categoryDepth=3&amp;categoryId=301642">화이트보드/투명칠판</a></li></ul><ul role="group" aria-labelledby="cat100032" class="category-item-list-wrap hide"><li id="cat200210" aria-selected="false"><a title="" class="category-text " href="https://mfront.homeplus.co.kr/list?categoryDepth=2&amp;categoryId=200210">고등학습/참고서/수험서</a></li><li id="cat200214" aria-selected="false"><a title="" class="category-text " href="https://mfront.homeplus.co.kr/list?categoryDepth=2&amp;categoryId=200214">그림책/학습/놀이책</a></li><li id="cat200221" aria-selected="false"><a title="" class="category-text " href="https://mfront.homeplus.co.kr/list?categoryDepth=2&amp;categoryId=200221">어린이 만화</a></li><li id="cat200232" aria-selected="false"><a title="" class="category-text " href="https://mfront.homeplus.co.kr/list?categoryDepth=2&amp;categoryId=200232">유아/어린이</a></li></ul><ul role="group" aria-labelledby="cat200461" class="category-item-list-wrap hide"><li id="cat303090" aria-selected="false"><a title="" class="category-text " href="https://mfront.homeplus.co.kr/list?categoryDepth=3&amp;categoryId=303090">45인치 이하</a></li><li id="cat303091" aria-selected="false"><a title="" class="category-text " href="https://mfront.homeplus.co.kr/list?categoryDepth=3&amp;categoryId=303091">46인치 ~ 55인치</a></li><li id="cat303092" aria-selected="false"><a title="" class="category-text " href="https://mfront.homeplus.co.kr/list?categoryDepth=3&amp;categoryId=303092">56인치 ~ 70인치</a></li><li id="cat303093" aria-selected="false"><a title="" class="category-text " href="https://mfront.homeplus.co.kr/list?categoryDepth=3&amp;categoryId=303093">71인치 이상</a></li><li id="cat303095" aria-selected="false"><a title="" class="category-text " href="https://mfront.homeplus.co.kr/list?categoryDepth=3&amp;categoryId=303095">브라켓/케이블/기타</a></li></ul><ul role="group" aria-labelledby="cat200465" class="category-item-list-wrap hide"><li id="cat303101" aria-selected="false"><a title="" class="category-text " href="https://mfront.homeplus.co.kr/list?categoryDepth=3&amp;categoryId=303101">마이크/기타 액세서리</a></li><li id="cat303102" aria-selected="false"><a title="" class="category-text " href="https://mfront.homeplus.co.kr/list?categoryDepth=3&amp;categoryId=303102">블루투스 이어폰/헤드폰</a></li><li id="cat303105" aria-selected="false"><a title="" class="category-text " href="https://mfront.homeplus.co.kr/list?categoryDepth=3&amp;categoryId=303105">유선 이어폰/헤드폰</a></li><li id="cat303103" aria-selected="false"><a title="" class="category-text " href="https://mfront.homeplus.co.kr/list?categoryDepth=3&amp;categoryId=303103">스피커</a></li><li id="cat303104" aria-selected="false"><a title="" class="category-text " href="https://mfront.homeplus.co.kr/list?categoryDepth=3&amp;categoryId=303104">오디오/하이파이/라디오</a></li><li id="cat303106" aria-selected="false"><a title="" class="category-text " href="https://mfront.homeplus.co.kr/list?categoryDepth=3&amp;categoryId=303106">홈시어터/사운드바</a></li></ul><ul role="group" aria-labelledby="cat200473" class="category-item-list-wrap hide"><li id="cat303152" aria-selected="false"><a title="" class="category-text " href="https://mfront.homeplus.co.kr/list?categoryDepth=3&amp;categoryId=303152">전기밥솥</a></li><li id="cat303150" aria-selected="false"><a title="" class="category-text " href="https://mfront.homeplus.co.kr/list?categoryDepth=3&amp;categoryId=303150">전기그릴/후라이팬</a></li><li id="cat303153" aria-selected="false"><a title="" class="category-text " href="https://mfront.homeplus.co.kr/list?categoryDepth=3&amp;categoryId=303153">전기포트/티포트</a></li><li id="cat303148" aria-selected="false"><a title="" class="category-text " href="https://mfront.homeplus.co.kr/list?categoryDepth=3&amp;categoryId=303148">에어프라이어</a></li><li id="cat303149" aria-selected="false"><a title="" class="category-text " href="https://mfront.homeplus.co.kr/list?categoryDepth=3&amp;categoryId=303149">오븐</a></li><li id="cat303157" aria-selected="false"><a title="" class="category-text " href="https://mfront.homeplus.co.kr/list?categoryDepth=3&amp;categoryId=303157">토스터기</a></li><li id="cat303144" aria-selected="false"><a title="" class="category-text " href="https://mfront.homeplus.co.kr/list?categoryDepth=3&amp;categoryId=303144">가스레인지</a></li><li id="cat303151" aria-selected="false"><a title="" class="category-text " href="https://mfront.homeplus.co.kr/list?categoryDepth=3&amp;categoryId=303151">전기레인지</a></li><li id="cat303154" aria-selected="false"><a title="" class="category-text " href="https://mfront.homeplus.co.kr/list?categoryDepth=3&amp;categoryId=303154">전자레인지</a></li><li id="cat303146" aria-selected="false"><a title="" class="category-text " href="https://mfront.homeplus.co.kr/list?categoryDepth=3&amp;categoryId=303146">믹서기/블렌더</a></li><li id="cat303156" aria-selected="false"><a title="" class="category-text " href="https://mfront.homeplus.co.kr/list?categoryDepth=3&amp;categoryId=303156">커피메이커/머신</a></li><li id="cat303147" aria-selected="false"><a title="" class="category-text " href="https://mfront.homeplus.co.kr/list?categoryDepth=3&amp;categoryId=303147">빙수기/제빙기</a></li><li id="cat303549" aria-selected="false"><a title="" class="category-text " href="https://mfront.homeplus.co.kr/list?categoryDepth=3&amp;categoryId=303549">음식쓰레기처리기</a></li><li id="cat303155" aria-selected="false"><a title="" class="category-text " href="https://mfront.homeplus.co.kr/list?categoryDepth=3&amp;categoryId=303155">주방위생</a></li><li id="cat303145" aria-selected="false"><a title="" class="category-text " href="https://mfront.homeplus.co.kr/list?categoryDepth=3&amp;categoryId=303145">기타조리가전</a></li></ul><ul role="group" aria-labelledby="cat200468" class="category-item-list-wrap hide"><li id="cat303113" aria-selected="false"><a title="" class="category-text " href="https://mfront.homeplus.co.kr/list?categoryDepth=3&amp;categoryId=303113">양문형 냉장고</a></li><li id="cat303115" aria-selected="false"><a title="" class="category-text " href="https://mfront.homeplus.co.kr/list?categoryDepth=3&amp;categoryId=303115">일반형 냉장고</a></li><li id="cat303114" aria-selected="false"><a title="" class="category-text " href="https://mfront.homeplus.co.kr/list?categoryDepth=3&amp;categoryId=303114">와인냉장고</a></li><li id="cat303112" aria-selected="false"><a title="" class="category-text " href="https://mfront.homeplus.co.kr/list?categoryDepth=3&amp;categoryId=303112">냉동고</a></li><li id="cat303109" aria-selected="false"><a title="" class="category-text " href="https://mfront.homeplus.co.kr/list?categoryDepth=3&amp;categoryId=303109">스탠드형 김치냉장고</a></li><li id="cat303108" aria-selected="false"><a title="" class="category-text " href="https://mfront.homeplus.co.kr/list?categoryDepth=3&amp;categoryId=303108">뚜껑형 김치냉장고</a></li></ul><ul role="group" aria-labelledby="cat200469" class="category-item-list-wrap hide"><li id="cat303117" aria-selected="false"><a title="" class="category-text " href="https://mfront.homeplus.co.kr/list?categoryDepth=3&amp;categoryId=303117">공기청정기</a></li><li id="cat303159" aria-selected="false"><a title="" class="category-text " href="https://mfront.homeplus.co.kr/list?categoryDepth=3&amp;categoryId=303159">무선청소기</a></li><li id="cat303160" aria-selected="false"><a title="" class="category-text " href="https://mfront.homeplus.co.kr/list?categoryDepth=3&amp;categoryId=303160">스팀/물걸레 청소기</a></li><li id="cat303162" aria-selected="false"><a title="" class="category-text " href="https://mfront.homeplus.co.kr/list?categoryDepth=3&amp;categoryId=303162">캐니스터청소기</a></li><li id="cat303163" aria-selected="false"><a title="" class="category-text " href="https://mfront.homeplus.co.kr/list?categoryDepth=3&amp;categoryId=303163">핸디형청소기</a></li><li id="cat303161" aria-selected="false"><a title="" class="category-text " href="https://mfront.homeplus.co.kr/list?categoryDepth=3&amp;categoryId=303161">청소기부품</a></li><li id="cat303119" aria-selected="false"><a title="" class="category-text " href="https://mfront.homeplus.co.kr/list?categoryDepth=3&amp;categoryId=303119">다리미/보풀제거기</a></li><li id="cat303121" aria-selected="false"><a title="" class="category-text " href="https://mfront.homeplus.co.kr/list?categoryDepth=3&amp;categoryId=303121">살균기</a></li><li id="cat303126" aria-selected="false"><a title="" class="category-text " href="https://mfront.homeplus.co.kr/list?categoryDepth=3&amp;categoryId=303126">칫솔살균기</a></li><li id="cat303123" aria-selected="false"><a title="" class="category-text " href="https://mfront.homeplus.co.kr/list?categoryDepth=3&amp;categoryId=303123">전동칫솔</a></li><li id="cat303120" aria-selected="false"><a title="" class="category-text " href="https://mfront.homeplus.co.kr/list?categoryDepth=3&amp;categoryId=303120">비데</a></li><li id="cat303125" aria-selected="false"><a title="" class="category-text " href="https://mfront.homeplus.co.kr/list?categoryDepth=3&amp;categoryId=303125">정수기</a></li><li id="cat303124" aria-selected="false"><a title="" class="category-text " href="https://mfront.homeplus.co.kr/list?categoryDepth=3&amp;categoryId=303124">전화기</a></li><li id="cat303118" aria-selected="false"><a title="" class="category-text " href="https://mfront.homeplus.co.kr/list?categoryDepth=3&amp;categoryId=303118">공기청정기 필터</a></li></ul><ul role="group" aria-labelledby="cat200470" class="category-item-list-wrap hide"><li id="cat303127" aria-selected="false"><a title="" class="category-text " href="https://mfront.homeplus.co.kr/list?categoryDepth=3&amp;categoryId=303127">드럼세탁기</a></li><li id="cat303130" aria-selected="false"><a title="" class="category-text " href="https://mfront.homeplus.co.kr/list?categoryDepth=3&amp;categoryId=303130">일반세탁기</a></li><li id="cat303107" aria-selected="false"><a title="" class="category-text " href="https://mfront.homeplus.co.kr/list?categoryDepth=3&amp;categoryId=303107">건조기/의류관리기</a></li><li id="cat303625" aria-selected="false"><a title="" class="category-text " href="https://mfront.homeplus.co.kr/list?categoryDepth=3&amp;categoryId=303625">기타</a></li></ul><ul role="group" aria-labelledby="cat200472" class="category-item-list-wrap hide"><li id="cat303140" aria-selected="false"><a title="" class="category-text " href="https://mfront.homeplus.co.kr/list?categoryDepth=3&amp;categoryId=303140">전기면도기</a></li><li id="cat303137" aria-selected="false"><a title="" class="category-text " href="https://mfront.homeplus.co.kr/list?categoryDepth=3&amp;categoryId=303137">드라이어</a></li><li id="cat303135" aria-selected="false"><a title="" class="category-text " href="https://mfront.homeplus.co.kr/list?categoryDepth=3&amp;categoryId=303135">고데기/매직기</a></li><li id="cat303143" aria-selected="false"><a title="" class="category-text " href="https://mfront.homeplus.co.kr/list?categoryDepth=3&amp;categoryId=303143">헤어스타일러</a></li><li id="cat303132" aria-selected="false"><a title="" class="category-text " href="https://mfront.homeplus.co.kr/list?categoryDepth=3&amp;categoryId=303132">안마기</a></li><li id="cat303141" aria-selected="false"><a title="" class="category-text " href="https://mfront.homeplus.co.kr/list?categoryDepth=3&amp;categoryId=303141">건강측정용품</a></li></ul><ul role="group" aria-labelledby="cat200475" class="category-item-list-wrap hide"><li id="cat303166" aria-selected="false"><a title="" class="category-text " href="https://mfront.homeplus.co.kr/list?categoryDepth=3&amp;categoryId=303166">선풍기</a></li><li id="cat303167" aria-selected="false"><a title="" class="category-text " href="https://mfront.homeplus.co.kr/list?categoryDepth=3&amp;categoryId=303167">써큘레이터</a></li><li id="cat303165" aria-selected="false"><a title="" class="category-text " href="https://mfront.homeplus.co.kr/list?categoryDepth=3&amp;categoryId=303165">미니/USB 선풍기</a></li><li id="cat303171" aria-selected="false"><a title="" class="category-text " href="https://mfront.homeplus.co.kr/list?categoryDepth=3&amp;categoryId=303171">멀티형 에어컨</a></li><li id="cat303490" aria-selected="false"><a title="" class="category-text " href="https://mfront.homeplus.co.kr/list?categoryDepth=3&amp;categoryId=303490">스탠드형 에어컨</a></li><li id="cat303172" aria-selected="false"><a title="" class="category-text " href="https://mfront.homeplus.co.kr/list?categoryDepth=3&amp;categoryId=303172">벽걸이형 에어컨</a></li><li id="cat303179" aria-selected="false"><a title="" class="category-text " href="https://mfront.homeplus.co.kr/list?categoryDepth=3&amp;categoryId=303179">일반 가습기</a></li><li id="cat303168" aria-selected="false"><a title="" class="category-text " href="https://mfront.homeplus.co.kr/list?categoryDepth=3&amp;categoryId=303168">제습기</a></li><li id="cat303181" aria-selected="false"><a title="" class="category-text " href="https://mfront.homeplus.co.kr/list?categoryDepth=3&amp;categoryId=303181">전기요</a></li><li id="cat303182" aria-selected="false"><a title="" class="category-text " href="https://mfront.homeplus.co.kr/list?categoryDepth=3&amp;categoryId=303182">히터/온풍기</a></li></ul><ul role="group" aria-labelledby="cat100058" class="category-item-list-wrap hide"><li id="cat200478" aria-selected="false"><a title="" class="category-text " href="https://mfront.homeplus.co.kr/list?categoryDepth=2&amp;categoryId=200478">DSLR</a></li><li id="cat200479" aria-selected="false"><a title="" class="category-text " href="https://mfront.homeplus.co.kr/list?categoryDepth=2&amp;categoryId=200479">미러리스</a></li><li id="cat200482" aria-selected="false"><a title="" class="category-text " href="https://mfront.homeplus.co.kr/list?categoryDepth=2&amp;categoryId=200482">하이엔드/일반</a></li><li id="cat200481" aria-selected="false"><a title="" class="category-text " href="https://mfront.homeplus.co.kr/list?categoryDepth=2&amp;categoryId=200481">캠코더/액션캠</a></li><li id="cat200480" aria-selected="false"><a title="" class="category-text " href="https://mfront.homeplus.co.kr/list?categoryDepth=2&amp;categoryId=200480">액세서리</a></li></ul><ul role="group" aria-labelledby="cat200484" class="category-item-list-wrap hide"><li id="cat303216" aria-selected="false"><a title="" class="category-text " href="https://mfront.homeplus.co.kr/list?categoryDepth=3&amp;categoryId=303216">PS4/PS5</a></li><li id="cat303217" aria-selected="false"><a title="" class="category-text " href="https://mfront.homeplus.co.kr/list?categoryDepth=3&amp;categoryId=303217">PS4 타이틀</a></li><li id="cat303219" aria-selected="false"><a title="" class="category-text " href="https://mfront.homeplus.co.kr/list?categoryDepth=3&amp;categoryId=303219">PS5 타이틀</a></li><li id="cat303220" aria-selected="false"><a title="" class="category-text " href="https://mfront.homeplus.co.kr/list?categoryDepth=3&amp;categoryId=303220">switch 타이틀</a></li><li id="cat303223" aria-selected="false"><a title="" class="category-text " href="https://mfront.homeplus.co.kr/list?categoryDepth=3&amp;categoryId=303223">게임기 주변기기</a></li></ul><ul role="group" aria-labelledby="cat200485" class="category-item-list-wrap hide"><li id="cat303225" aria-selected="false"><a title="" class="category-text " href="https://mfront.homeplus.co.kr/list?categoryDepth=3&amp;categoryId=303225">13인치 이하</a></li><li id="cat303227" aria-selected="false"><a title="" class="category-text " href="https://mfront.homeplus.co.kr/list?categoryDepth=3&amp;categoryId=303227">15인치</a></li><li id="cat303230" aria-selected="false"><a title="" class="category-text " href="https://mfront.homeplus.co.kr/list?categoryDepth=3&amp;categoryId=303230">노트북 액세서리</a></li><li id="cat303231" aria-selected="false"><a title="" class="category-text " href="https://mfront.homeplus.co.kr/list?categoryDepth=3&amp;categoryId=303231">베어본/조립PC</a></li><li id="cat303234" aria-selected="false"><a title="" class="category-text " href="https://mfront.homeplus.co.kr/list?categoryDepth=3&amp;categoryId=303234">올인원PC</a></li><li id="cat303272" aria-selected="false"><a title="" class="category-text " href="https://mfront.homeplus.co.kr/list?categoryDepth=3&amp;categoryId=303272">안드로이드 태블릿</a></li></ul><ul role="group" aria-labelledby="cat200487" class="category-item-list-wrap hide"><li id="cat303235" aria-selected="false"><a title="" class="category-text " href="https://mfront.homeplus.co.kr/list?categoryDepth=3&amp;categoryId=303235">26인치 이하 모니터</a></li><li id="cat303236" aria-selected="false"><a title="" class="category-text " href="https://mfront.homeplus.co.kr/list?categoryDepth=3&amp;categoryId=303236">27인치 ~ 29인치 모니터</a></li><li id="cat303237" aria-selected="false"><a title="" class="category-text " href="https://mfront.homeplus.co.kr/list?categoryDepth=3&amp;categoryId=303237">30인치 ~ 39인치 모니터</a></li><li id="cat303239" aria-selected="false"><a title="" class="category-text " href="https://mfront.homeplus.co.kr/list?categoryDepth=3&amp;categoryId=303239">모니터 액세서리</a></li><li id="cat303208" aria-selected="false"><a title="" class="category-text " href="https://mfront.homeplus.co.kr/list?categoryDepth=3&amp;categoryId=303208">마우스/키보드</a></li><li id="cat303261" aria-selected="false"><a title="" class="category-text " href="https://mfront.homeplus.co.kr/list?categoryDepth=3&amp;categoryId=303261">게이밍ACC</a></li><li id="cat303262" aria-selected="false"><a title="" class="category-text " href="https://mfront.homeplus.co.kr/list?categoryDepth=3&amp;categoryId=303262">게이밍마우스</a></li><li id="cat303263" aria-selected="false"><a title="" class="category-text " href="https://mfront.homeplus.co.kr/list?categoryDepth=3&amp;categoryId=303263">게이밍키보드</a></li><li id="cat303264" aria-selected="false"><a title="" class="category-text " href="https://mfront.homeplus.co.kr/list?categoryDepth=3&amp;categoryId=303264">게이밍패드</a></li><li id="cat303265" aria-selected="false"><a title="" class="category-text " href="https://mfront.homeplus.co.kr/list?categoryDepth=3&amp;categoryId=303265">게이밍헤드셋</a></li><li id="cat303266" aria-selected="false"><a title="" class="category-text " href="https://mfront.homeplus.co.kr/list?categoryDepth=3&amp;categoryId=303266">공유기</a></li><li id="cat303211" aria-selected="false"><a title="" class="category-text " href="https://mfront.homeplus.co.kr/list?categoryDepth=3&amp;categoryId=303211">소프트웨어</a></li><li id="cat303258" aria-selected="false"><a title="" class="category-text " href="https://mfront.homeplus.co.kr/list?categoryDepth=3&amp;categoryId=303258">Micro SD카드</a></li><li id="cat303267" aria-selected="false"><a title="" class="category-text " href="https://mfront.homeplus.co.kr/list?categoryDepth=3&amp;categoryId=303267">대용량저장기기</a></li><li id="cat303269" aria-selected="false"><a title="" class="category-text " href="https://mfront.homeplus.co.kr/list?categoryDepth=3&amp;categoryId=303269">저장기기ACC</a></li><li id="cat303260" aria-selected="false"><a title="" class="category-text " href="https://mfront.homeplus.co.kr/list?categoryDepth=3&amp;categoryId=303260">USB/OTG</a></li><li id="cat303270" aria-selected="false"><a title="" class="category-text " href="https://mfront.homeplus.co.kr/list?categoryDepth=3&amp;categoryId=303270">허브리더기/케이블</a></li><li id="cat303197" aria-selected="false"><a title="" class="category-text " href="https://mfront.homeplus.co.kr/list?categoryDepth=3&amp;categoryId=303197">PC부품/주변기기</a></li><li id="cat303275" aria-selected="false"><a title="" class="category-text " href="https://mfront.homeplus.co.kr/list?categoryDepth=3&amp;categoryId=303275">3D/라벨 프린터</a></li><li id="cat303276" aria-selected="false"><a title="" class="category-text " href="https://mfront.homeplus.co.kr/list?categoryDepth=3&amp;categoryId=303276">레이저 복합기/프린터</a></li><li id="cat303278" aria-selected="false"><a title="" class="category-text " href="https://mfront.homeplus.co.kr/list?categoryDepth=3&amp;categoryId=303278">잉크젯 복합기/프린터</a></li><li id="cat303268" aria-selected="false"><a title="" class="category-text " href="https://mfront.homeplus.co.kr/list?categoryDepth=3&amp;categoryId=303268">잉크/토너</a></li><li id="cat303257" aria-selected="false"><a title="" class="category-text " href="https://mfront.homeplus.co.kr/list?categoryDepth=3&amp;categoryId=303257">IP카메라/CCTV/웹캠</a></li></ul><ul role="group" aria-labelledby="cat100060" class="category-item-list-wrap hide"><li id="cat200627" aria-selected="false"><a title="" class="category-text " href="https://mfront.homeplus.co.kr/list?categoryDepth=2&amp;categoryId=200627">SK telecom</a></li><li id="cat200628" aria-selected="false"><a title="" class="category-text " href="https://mfront.homeplus.co.kr/list?categoryDepth=2&amp;categoryId=200628">KT</a></li><li id="cat200629" aria-selected="false"><a title="" class="category-text " href="https://mfront.homeplus.co.kr/list?categoryDepth=2&amp;categoryId=200629">LG U+</a></li><li id="cat200637" aria-selected="false"><a title="" class="category-text " href="https://mfront.homeplus.co.kr/list?categoryDepth=2&amp;categoryId=200637">자급제폰</a></li><li id="cat200638" aria-selected="false"><a title="" class="category-text " href="https://mfront.homeplus.co.kr/list?categoryDepth=2&amp;categoryId=200638">알뜰 모바일</a></li><li id="cat200489" aria-selected="false"><a title="" class="category-text " href="https://mfront.homeplus.co.kr/list?categoryDepth=2&amp;categoryId=200489">스마트밴드/VR</a></li><li id="cat200488" aria-selected="false"><a title="" class="category-text " href="https://mfront.homeplus.co.kr/list?categoryDepth=2&amp;categoryId=200488">모바일 ACC</a></li></ul><ul role="group" aria-labelledby="cat100054" class="category-item-list-wrap hide"><li id="cat200439" aria-selected="false"><a title="" class="category-text " href="https://mfront.homeplus.co.kr/list?categoryDepth=2&amp;categoryId=200439">공기청정/방향제</a></li><li id="cat200441" aria-selected="false"><a title="" class="category-text " href="https://mfront.homeplus.co.kr/list?categoryDepth=2&amp;categoryId=200441">세차/관리 용품</a></li><li id="cat200443" aria-selected="false"><a title="" class="category-text " href="https://mfront.homeplus.co.kr/list?categoryDepth=2&amp;categoryId=200443">엔진/오일 용품</a></li><li id="cat200444" aria-selected="false"><a title="" class="category-text " href="https://mfront.homeplus.co.kr/list?categoryDepth=2&amp;categoryId=200444">전자/전기 용품</a></li><li id="cat200445" aria-selected="false"><a title="" class="category-text " href="https://mfront.homeplus.co.kr/list?categoryDepth=2&amp;categoryId=200445">전조등/램프</a></li><li id="cat200448" aria-selected="false"><a title="" class="category-text " href="https://mfront.homeplus.co.kr/list?categoryDepth=2&amp;categoryId=200448">차량용 매트</a></li><li id="cat200449" aria-selected="false"><a title="" class="category-text " href="https://mfront.homeplus.co.kr/list?categoryDepth=2&amp;categoryId=200449">차량용 모바일 액세서리</a></li><li id="cat200451" aria-selected="false"><a title="" class="category-text " href="https://mfront.homeplus.co.kr/list?categoryDepth=2&amp;categoryId=200451">차량용 시트/쿠션</a></li><li id="cat200452" aria-selected="false"><a title="" class="category-text " href="https://mfront.homeplus.co.kr/list?categoryDepth=2&amp;categoryId=200452">차량 실내용품</a></li><li id="cat200453" aria-selected="false"><a title="" class="category-text " href="https://mfront.homeplus.co.kr/list?categoryDepth=2&amp;categoryId=200453">차량용 실외용품</a></li><li id="cat200454" aria-selected="false"><a title="" class="category-text " href="https://mfront.homeplus.co.kr/list?categoryDepth=2&amp;categoryId=200454">차량용 안전 용품</a></li><li id="cat200455" aria-selected="false"><a title="" class="category-text " href="https://mfront.homeplus.co.kr/list?categoryDepth=2&amp;categoryId=200455">차량용 인테리어 용품</a></li><li id="cat200456" aria-selected="false"><a title="" class="category-text " href="https://mfront.homeplus.co.kr/list?categoryDepth=2&amp;categoryId=200456">차량용 편의 용품</a></li><li id="cat200459" aria-selected="false"><a title="" class="category-text " href="https://mfront.homeplus.co.kr/list?categoryDepth=2&amp;categoryId=200459">타이어/휠/용품</a></li><li id="cat200460" aria-selected="false"><a title="" class="category-text " href="https://mfront.homeplus.co.kr/list?categoryDepth=2&amp;categoryId=200460">튜닝 용품</a></li></ul><ul role="group" aria-labelledby="cat100052" class="category-item-list-wrap hide"><li id="cat200425" aria-selected="false"><a title="" class="category-text " href="https://mfront.homeplus.co.kr/list?categoryDepth=2&amp;categoryId=200425">골프용품</a></li><li id="cat200438" aria-selected="false"><a title="" class="category-text " href="https://mfront.homeplus.co.kr/list?categoryDepth=2&amp;categoryId=200438">헬스/요가/필라테스</a></li><li id="cat200426" aria-selected="false"><a title="" class="category-text " href="https://mfront.homeplus.co.kr/list?categoryDepth=2&amp;categoryId=200426">구기/라켓스포츠</a></li><li id="cat200428" aria-selected="false"><a title="" class="category-text " href="https://mfront.homeplus.co.kr/list?categoryDepth=2&amp;categoryId=200428">낚시용품</a></li><li id="cat200429" aria-selected="false"><a title="" class="category-text " href="https://mfront.homeplus.co.kr/list?categoryDepth=2&amp;categoryId=200429">농구/배구</a></li><li id="cat200430" aria-selected="false"><a title="" class="category-text " href="https://mfront.homeplus.co.kr/list?categoryDepth=2&amp;categoryId=200430">등산복/용품</a></li><li id="cat200431" aria-selected="false"><a title="" class="category-text " href="https://mfront.homeplus.co.kr/list?categoryDepth=2&amp;categoryId=200431">수영/수상레저/물놀이</a></li><li id="cat200432" aria-selected="false"><a title="" class="category-text " href="https://mfront.homeplus.co.kr/list?categoryDepth=2&amp;categoryId=200432">스키/보드  </a></li><li id="cat200433" aria-selected="false"><a title="" class="category-text " href="https://mfront.homeplus.co.kr/list?categoryDepth=2&amp;categoryId=200433">야구용품</a></li><li id="cat200435" aria-selected="false"><a title="" class="category-text " href="https://mfront.homeplus.co.kr/list?categoryDepth=2&amp;categoryId=200435">자전거/용품</a></li><li id="cat200436" aria-selected="false"><a title="" class="category-text " href="https://mfront.homeplus.co.kr/list?categoryDepth=2&amp;categoryId=200436">축구/족구용품</a></li></ul><ul role="group" aria-labelledby="cat100053" class="category-item-list-wrap hide"><li id="cat200437" aria-selected="false"><a title="" class="category-text " href="https://mfront.homeplus.co.kr/list?categoryDepth=2&amp;categoryId=200437">캠핑용품</a></li></ul><ul role="group" aria-labelledby="cat100069" class="category-item-list-wrap hide"><li id="cat200676" aria-selected="false"><a title="" class="category-text " href="https://mfront.homeplus.co.kr/list?categoryDepth=2&amp;categoryId=200676">상품권</a></li><li id="cat200630" aria-selected="false"><a title="" class="category-text " href="https://mfront.homeplus.co.kr/list?categoryDepth=2&amp;categoryId=200630">버거/피자</a></li><li id="cat200675" aria-selected="false"><a title="" class="category-text " href="https://mfront.homeplus.co.kr/list?categoryDepth=2&amp;categoryId=200675">잔액 관리형 금액권</a></li><li id="cat200634" aria-selected="false"><a title="" class="category-text " href="https://mfront.homeplus.co.kr/list?categoryDepth=2&amp;categoryId=200634">치킨</a></li><li id="cat200631" aria-selected="false"><a title="" class="category-text " href="https://mfront.homeplus.co.kr/list?categoryDepth=2&amp;categoryId=200631">카페/음료</a></li><li id="cat200635" aria-selected="false"><a title="" class="category-text " href="https://mfront.homeplus.co.kr/list?categoryDepth=2&amp;categoryId=200635">베이커리/도넛</a></li><li id="cat200643" aria-selected="false"><a title="" class="category-text " href="https://mfront.homeplus.co.kr/list?categoryDepth=2&amp;categoryId=200643">아이스크림/빙수</a></li><li id="cat200645" aria-selected="false"><a title="" class="category-text " href="https://mfront.homeplus.co.kr/list?categoryDepth=2&amp;categoryId=200645">영화/뮤직/게임</a></li><li id="cat200677" aria-selected="false"><a title="" class="category-text " href="https://mfront.homeplus.co.kr/list?categoryDepth=2&amp;categoryId=200677">외식/이용권</a></li></ul><ul role="group" aria-labelledby="cat200517" class="category-item-list-wrap hide"><li id="cat303307" aria-selected="false"><a title="" class="category-text " href="https://mfront.homeplus.co.kr/list?categoryDepth=3&amp;categoryId=303307">렌트카</a></li><li id="cat303309" aria-selected="false"><a title="" class="category-text " href="https://mfront.homeplus.co.kr/list?categoryDepth=3&amp;categoryId=303309">패키지/자유여행</a></li></ul></div></div></div></div></div></div></div><div class="content-container bannerUnderLine css-bdv2x8"><div class="search-container-wrap"><div class="search-filter-list-wrap"><section class="wingFilterContainer tdSearch css-1kk29eh"><div class="css-1uhamk"><article class="css-wqah8l"><h1 class="css-o9vq2t">필터 리스트</h1><div class="itemRow"><button type="button" class="ctgrTypeL active"><p class="itemName">카테고리</p></button><div class="innerItems"><div class="itemMoreBox"><div class="subItem category"><button type="button">과자/시리얼</button></div><div class="subItem category"><button type="button">주방용품</button></div><div class="subItem category"><button type="button">채소</button></div><div class="subItem category"><button type="button">냉장/냉동/밀키트</button></div><div class="subItem category"><button type="button">장류/양념/제빵</button></div></div><div class="itemMoreBtn active"><button type="button">전체보기</button></div></div></div><div class="itemRow"><button type="button" class="ctgrTypeL active"><p class="itemName">혜택</p></button><div class="innerItems" style="padding-right: 15px;"><div class="itemMoreBox"><div class="subItem"><label class="radio css-1d0xav6"><input type="checkbox" aria-label="체크박스" name="benefit"><em class="check-label"><span class="label-text">행사상품</span></em></label></div><div class="subItem"><label class="radio css-1d0xav6" style="margin-top: 0px;"><input type="checkbox" aria-label="체크박스" name="benefit"><em class="check-label"><span class="label-text">골라담기</span></em></label></div><div class="subItem"><label class="radio css-1d0xav6" style="margin-top: 0px;"><input type="checkbox" aria-label="체크박스" name="benefit"><em class="check-label"><span class="label-text">함께할인</span></em></label></div><div class="subItem"><label class="radio css-1d0xav6" style="margin-top: 0px;"><input type="checkbox" aria-label="체크박스" name="benefit"><em class="check-label"><span class="label-text">사은품</span></em></label></div><div class="subItem"><label class="radio css-1d0xav6" style="margin-top: 0px;"><input type="checkbox" aria-label="체크박스" name="benefit"><em class="check-label"><span class="label-text">무료배송</span></em></label></div></div></div></div><div class="itemRow"><button type="button" class="ctgrTypeL active"><p class="itemName">브랜드</p></button><div class="innerItems" style="padding-right: 15px;"><div class="itemMoreBox"><div class="subItem"><label class="radio css-1d0xav6"><input type="checkbox" aria-label="체크박스" name="brand"><em class="check-label"><span class="label-text">오리온</span></em></label></div><div class="subItem"><label class="radio css-1d0xav6" style="margin-top: 0px;"><input type="checkbox" aria-label="체크박스" name="brand"><em class="check-label"><span class="label-text">웰굿</span></em></label></div><div class="subItem"><label class="radio css-1d0xav6" style="margin-top: 0px;"><input type="checkbox" aria-label="체크박스" name="brand"><em class="check-label"><span class="label-text">롯데웰푸드</span></em></label></div><div class="subItem"><label class="radio css-1d0xav6" style="margin-top: 0px;"><input type="checkbox" aria-label="체크박스" name="brand"><em class="check-label"><span class="label-text">해태제과</span></em></label></div><div class="subItem"><label class="radio css-1d0xav6" style="margin-top: 0px;"><input type="checkbox" aria-label="체크박스" name="brand"><em class="check-label"><span class="label-text">크라운제과</span></em></label></div></div><div class="itemMoreBtn active"><button type="button">전체보기</button></div></div></div><div class="itemRow"><button type="button" class="ctgrTypeL active"><p class="itemName">감자 유기농/친환경</p></button><div class="innerItems css-5cdz6d"><div class="subItem"><label class="radio css-1d0xav6"><input type="checkbox" aria-label="체크박스" name="5"><em class="check-label"><span class="label-text">친환경</span></em></label></div></div></div><div class="itemRow"><button type="button" class="ctgrTypeL active"><p class="itemName">감자 중량</p></button><div class="innerItems css-5cdz6d"><div class="subItem"><label class="radio css-1d0xav6"><input type="checkbox" aria-label="체크박스" name="6"><em class="check-label"><span class="label-text">1kg미만</span></em></label></div><div class="subItem"><label class="radio css-1d0xav6"><input type="checkbox" aria-label="체크박스" name="6"><em class="check-label"><span class="label-text">1kg이상</span></em></label></div></div></div><div class="itemRow"><button type="button" class="ctgrTypeL active"><p class="itemName">별점</p></button><div class="innerItems" style="padding-right: 15px;"><div class="itemMoreBox"><div class="grade"><div class="gradeTxt"><label class="radio css-1d0xav6"><input type="checkbox" aria-label="체크박스" name="rank" value="5"><em class="check-label"><span class="label-text">5점</span></em></label></div><div class="gradeStar"><img src="../../../../../Downloads/homeplus_files/grade@2x.png" width="16" alt="별점1점"><img src="../../../../../Downloads/homeplus_files/grade@2x.png" width="16" alt="별점2점"><img src="../../../../../Downloads/homeplus_files/grade@2x.png" width="16" alt="별점3점"><img src="../../../../../Downloads/homeplus_files/grade@2x.png" width="16" alt="별점4점"><img src="../../../../../Downloads/homeplus_files/grade@2x.png" width="16" alt="별점5점"></div></div><div class="grade"><div class="gradeTxt"><label class="radio css-1d0xav6"><input type="checkbox" aria-label="체크박스" name="rank" value="4"><em class="check-label"><span class="label-text">4점</span></em></label></div><div class="gradeStar"><img src="../../../../../Downloads/homeplus_files/grade@2x.png" width="16" alt="별점1점"><img src="../../../../../Downloads/homeplus_files/grade@2x.png" width="16" alt="별점2점"><img src="../../../../../Downloads/homeplus_files/grade@2x.png" width="16" alt="별점3점"><img src="../../../../../Downloads/homeplus_files/grade@2x.png" width="16" alt="별점4점"></div></div><div class="grade"><div class="gradeTxt"><label class="radio css-1d0xav6"><input type="checkbox" aria-label="체크박스" name="rank" value="3"><em class="check-label"><span class="label-text">3점</span></em></label></div><div class="gradeStar"><img src="../../../../../Downloads/homeplus_files/grade@2x.png" width="16" alt="별점1점"><img src="../../../../../Downloads/homeplus_files/grade@2x.png" width="16" alt="별점2점"><img src="../../../../../Downloads/homeplus_files/grade@2x.png" width="16" alt="별점3점"></div></div><div class="grade"><div class="gradeTxt"><label class="radio css-1d0xav6"><input type="checkbox" aria-label="체크박스" name="rank" value="2"><em class="check-label"><span class="label-text">2점</span></em></label></div><div class="gradeStar"><img src="../../../../../Downloads/homeplus_files/grade@2x.png" width="16" alt="별점1점"><img src="../../../../../Downloads/homeplus_files/grade@2x.png" width="16" alt="별점2점"></div></div><div class="grade"><div class="gradeTxt"><label class="radio css-1d0xav6"><input type="checkbox" aria-label="체크박스" name="rank" value="1"><em class="check-label"><span class="label-text">1점</span></em></label></div><div class="gradeStar"><img src="../../../../../Downloads/homeplus_files/grade@2x.png" width="16" alt="별점1점"></div></div></div></div></div><div class="itemRow"><button type="button" class="ctgrTypeL active"><p class="itemName">가격</p></button><div class="innerItems" style="padding-right: 15px;"><div class="itemMoreBox"><div class="subItem"><label class="radio css-1wu7rff"><input type="radio" aria-label="체크박스" name="priceRange"><em class="radio-label"><span class="label-text">1만1천원 이하</span></em></label></div><div class="subItem"><label class="radio css-1wu7rff" style="margin-top: 0px;"><input type="radio" aria-label="체크박스" name="priceRange"><em class="radio-label"><span class="label-text">1만1천원 ~ 2만2천원</span></em></label></div><div class="subItem"><label class="radio css-1wu7rff" style="margin-top: 0px;"><input type="radio" aria-label="체크박스" name="priceRange"><em class="radio-label"><span class="label-text">2만2천원 ~ 3만3천원</span></em></label></div><div class="subItem"><label class="radio css-1wu7rff" style="margin-top: 0px;"><input type="radio" aria-label="체크박스" name="priceRange"><em class="radio-label"><span class="label-text">3만3천원 이상</span></em></label></div><div class="priceInputRow"><div class="priceInputBox"><input maxlength="13" data-type="minPrice" type="text" value="" inputmode="numeric"><span class="won">원</span></div><span>~</span><div class="priceInputBox"><input maxlength="13" data-type="maxValue" type="text" value="" inputmode="numeric"><span class="won">원</span></div><button type="button">적용</button></div></div></div></div></article></div></section></div><div class="search-prod-list-wrap"><div class="sorting css-1t8g2wh"><div class="css-bwvugz"><span>156</span>개의 상품</div><button type="button" class="css-11wc8jb">추천순</button><button type="button" class="css-1cppe3x"><img src="../../../../../Downloads/homeplus_files/sort_typeC@2x.png" width="18" alt="리스트 보기 형식 전환"><span class="css-o9vq2t">리스트1단 보기로 변경</span></button></div><p class="all-list-title">마트직송 더보기 </p><div class="infinite-scroll-component__outerdiv"><div class="infinite-scroll-component " style="height: auto; overflow: hidden;"><div class="unitItemWrap typeCard css-dyb522"><div class="unitItem typeA    css-bimbqe" data-doc-id="H120076050N37O0"><div class="thumbWrap "><div class="thumb"><button type="button" class="btnThumb"><div class="thumbImg"><span class=" lazy-load-image-background  lazy-load-image-loaded" style="display: block; width: 100%; height: 100%; background:  0% 0% / 50% rgb(238, 238, 238);"><img alt="감자 1.2KG(봉)" src="../../../../../Downloads/homeplus_files/120076050s0320"></span></div></button><div class="btnProdCart css-213czk"><button type="button" class="shadow"><span class="css-o9vq2t">장바구니담기</span></button></div></div></div><div class="detailInfoWrap "><div class="simpleInfo"><div class="flagWrap "><span class="flag rTxt">마트직송</span></div></div><div class="detailInfo"><p class="recomComment">온라인 할인</p><a href="https://mfront.homeplus.co.kr/item?itemNo=120076050&amp;storeType=HYPER" class="productTitle"><p class="css-xktqki">감자 1.2KG(봉)</p></a><div class="priceWrap"><div class="orgPrice"><strong class="priceValue">4,190</strong><div class="tooltipWrap"><div class="UnitItemTooltip  css-1hb0my4"><button type="button" class="btnTooltip"><span class="css-o9vq2t">자세히보기</span></button><div class="tooltipBox"><div class="tooltipInner"><button type="button" class="tooltipClose"><span class="css-o9vq2t">닫기</span></button><div><div class="priceTable"><dl class="row"><dt>판매가</dt><dd><strong>4,190</strong>원</dd></dl><dl class="row"><dt>상품할인</dt><dd><strong>-420</strong>원</dd></dl><dl class="row lastRow"><dt>할인가</dt><dd><strong>3,770</strong>원</dd></dl></div></div></div></div></div></div></div><div class="discountEmphasis"><strong class="discountRate">10%</strong></div><div class="price"><strong class="priceValue">3,770</strong><span class="priceWon">원</span> </div></div><div class="priceQty">100G당 <span> 314.2</span>원</div><div class="prodScoreWrap"><span class="score" title="평점">4.7</span><span class="reviewCnt" title="리뷰 갯수">/17,166</span><span class="saleCount">26,077</span></div></div></div></div>  <div class="unitItem typeA    css-bimbqe" data-doc-id="H127973751N37O0"><div class="thumbWrap "><div class="thumb"><button type="button" class="btnThumb"><div class="thumbImg"><span class=" lazy-load-image-background  lazy-load-image-loaded" style="display: block; width: 100%; height: 100%; background:  0% 0% / 50% rgb(238, 238, 238);"><img alt="친환경 감자 500g(봉)" src="../../../../../Downloads/homeplus_files/127973751s0320"></span></div></button><div class="btnProdCart css-213czk"><button type="button" class="shadow"><span class="css-o9vq2t">장바구니담기</span></button></div></div></div><div class="detailInfoWrap "><div class="simpleInfo"><div class="flagWrap "><span class="flag rTxt">마트직송</span></div></div><div class="detailInfo"><a href="https://mfront.homeplus.co.kr/item?itemNo=127973751&amp;storeType=HYPER" class="productTitle"><p class="css-xktqki">친환경 감자 500g(봉)</p></a><div class="priceWrap"><div class="orgPrice"><strong class="priceValue">3,990</strong><div class="tooltipWrap"><div class="UnitItemTooltip  css-1hb0my4"><button type="button" class="btnTooltip"><span class="css-o9vq2t">자세히보기</span></button><div class="tooltipBox"><div class="tooltipInner"><button type="button" class="tooltipClose"><span class="css-o9vq2t">닫기</span></button><div><div class="priceTable"><dl class="row"><dt>판매가</dt><dd><strong>3,990</strong>원</dd></dl><dl class="row"><dt>상품할인</dt><dd><strong>-800</strong>원</dd></dl><dl class="row lastRow"><dt>할인가</dt><dd><strong>3,190</strong>원</dd></dl></div></div></div></div></div></div></div><div class="discountEmphasis"><strong class="discountRate">20%</strong></div><div class="price"><strong class="priceValue">3,190</strong><span class="priceWon">원</span> </div></div><div class="priceQty">100G당 <span> 638</span>원</div><div class="prodScoreWrap"><span class="score" title="평점">4.6</span><span class="reviewCnt" title="리뷰 갯수">/13,063</span><span class="saleCount">2,774</span></div></div></div></div>  <div class="unitItem typeA    css-bimbqe" data-doc-id="H069342722N37O0"><div class="thumbWrap "><div class="thumb"><button type="button" class="btnThumb"><div class="thumbImg"><span class=" lazy-load-image-background  lazy-load-image-loaded" style="display: block; width: 100%; height: 100%; background:  0% 0% / 50% rgb(238, 238, 238);"><img alt="감자(국산/1개)" src="../../../../../Downloads/homeplus_files/069342722s0320"></span></div></button><div class="btnProdCart css-213czk"><button type="button" class="shadow"><span class="css-o9vq2t">장바구니담기</span></button></div></div></div><div class="detailInfoWrap "><div class="simpleInfo"><div class="flagWrap "><span class="flag rTxt">마트직송</span></div></div><div class="detailInfo"><a href="https://mfront.homeplus.co.kr/item?itemNo=069342722&amp;storeType=HYPER" class="productTitle"><p class="css-xktqki">감자(국산/1개)</p></a><div class="priceWrap"><div class="price"><strong class="priceValue">1,690</strong><span class="priceWon">원</span> </div></div><div class="priceQty">1개당 <span> 1,690</span>원</div><div class="prodScoreWrap"><span class="score" title="평점">4.7</span><span class="reviewCnt" title="리뷰 갯수">/1,297</span><span class="saleCount">5,494</span></div></div></div></div>  <div class="unitItem typeA    css-bimbqe" data-doc-id="H134601266N37O0"><div class="thumbWrap "><div class="thumb"><button type="button" class="btnThumb"><div class="thumbImg"><span class=" lazy-load-image-background  lazy-load-image-loaded" style="display: block; width: 100%; height: 100%; background:  0% 0% / 50% rgb(238, 238, 238);"><img alt="간편 감자(팩)" src="../../../../../Downloads/homeplus_files/134601266s0320"></span></div></button><div class="btnProdCart css-213czk"><button type="button" class="shadow"><span class="css-o9vq2t">장바구니담기</span></button></div></div></div><div class="detailInfoWrap "><div class="simpleInfo"><div class="flagWrap "><span class="flag rTxt">마트직송</span></div></div><div class="detailInfo"><a href="https://mfront.homeplus.co.kr/item?itemNo=134601266&amp;storeType=HYPER" class="productTitle"><p class="css-xktqki">간편 감자(팩)</p></a><div class="priceWrap"><div class="price"><strong class="priceValue">2,500</strong><span class="priceWon">원</span> </div></div><div class="prodScoreWrap"><span class="score" title="평점">4.6</span><span class="reviewCnt" title="리뷰 갯수">/1,252</span><span class="saleCount">1,434</span></div></div></div></div>  <div class="unitItem typeA    css-bimbqe" data-doc-id="H128155036N37O0"><div class="thumbWrap "><div class="thumb"><button type="button" class="btnThumb"><div class="thumbImg"><span class=" lazy-load-image-background  lazy-load-image-loaded" style="display: block; width: 100%; height: 100%; background:  0% 0% / 50% rgb(238, 238, 238);"><img alt="해태 구운감자 27G*5입" src="../../../../../Downloads/homeplus_files/128155036s0320"></span></div></button><div class="btnProdCart css-213czk"><button type="button" class="shadow"><span class="css-o9vq2t">장바구니담기</span></button></div></div></div><div class="detailInfoWrap "><div class="simpleInfo"><div class="flagWrap "><span class="flag rTxt">마트직송</span><div class="flag event">함께할인</div></div></div><div class="detailInfo"><p class="recomComment">3개 구매시 9,990원</p><a href="https://mfront.homeplus.co.kr/item?itemNo=128155036&amp;storeType=HYPER" class="productTitle"><p class="css-xktqki">해태 구운감자 27G*5입</p></a><div class="priceWrap"><div class="price"><strong class="priceValue">3,990</strong><span class="priceWon">원</span> </div></div><div class="priceQty">10G당 <span> 295.6</span>원</div><div class="prodScoreWrap"><span class="score" title="평점">4.8</span><span class="reviewCnt" title="리뷰 갯수">/5,209</span><span class="saleCount">4,960</span></div><div class="btnProdMore"><button type="button" class="list-btn"><span>함께할인 상품선택</span></button></div></div></div></div>  <div class="unitItem typeA    css-bimbqe" data-doc-id="H070478727N37O0"><div class="thumbWrap "><div class="thumb"><button type="button" class="btnThumb"><div class="thumbImg"><span class=" lazy-load-image-background  lazy-load-image-loaded" style="display: block; width: 100%; height: 100%; background:  0% 0% / 50% rgb(238, 238, 238);"><img alt="해태 생생감자칩 대파치즈맛 88G" src="../../../../../Downloads/homeplus_files/070478727s0320"></span></div></button><div class="btnProdCart css-213czk"><button type="button" class="shadow"><span class="css-o9vq2t">장바구니담기</span></button></div></div></div><div class="detailInfoWrap "><div class="simpleInfo"><div class="flagWrap "><span class="flag rTxt">마트직송</span><div class="flag event">1+1</div></div></div><div class="detailInfo"><a href="https://mfront.homeplus.co.kr/item?itemNo=070478727&amp;storeType=HYPER" class="productTitle"><p class="css-xktqki">해태 생생감자칩 대파치즈맛 88G</p></a><div class="priceWrap"><div class="price"><strong class="priceValue">2,390</strong><span class="priceWon">원</span> </div></div><div class="priceQty">10G당 <span> 271.6</span>원</div><div class="prodScoreWrap"><span class="score" title="평점">4.7</span><span class="reviewCnt" title="리뷰 갯수">/2,084</span><span class="saleCount">2,146</span></div><div class="btnProdMore"><button type="button" class="list-btn"><span>1+1 상품 골라담기</span></button></div></div></div></div>  <div class="unitItem typeA    css-bimbqe" data-doc-id="H123111822N37O0"><div class="thumbWrap "><div class="thumb"><button type="button" class="btnThumb"><div class="thumbImg"><span class=" lazy-load-image-background  lazy-load-image-loaded" style="display: block; width: 100%; height: 100%; background:  0% 0% / 50% rgb(238, 238, 238);"><img alt="해태 구운감자 48G" src="../../../../../Downloads/homeplus_files/123111822s0320"></span></div></button><div class="btnProdCart css-213czk"><button type="button" class="shadow"><span class="css-o9vq2t">장바구니담기</span></button></div></div></div><div class="detailInfoWrap "><div class="simpleInfo"><div class="flagWrap "><span class="flag rTxt">마트직송</span><div class="flag event">함께할인</div></div></div><div class="detailInfo"><p class="recomComment">10개 구매시 9,900원</p><a href="https://mfront.homeplus.co.kr/item?itemNo=123111822&amp;storeType=HYPER" class="productTitle"><p class="css-xktqki">해태 구운감자 48G</p></a><div class="priceWrap"><div class="price"><strong class="priceValue">1,190</strong><span class="priceWon">원</span> </div></div><div class="priceQty">10G당 <span> 247.9</span>원</div><div class="prodScoreWrap"><span class="score" title="평점">4.8</span><span class="reviewCnt" title="리뷰 갯수">/30,230</span><span class="saleCount">26,547</span></div><div class="btnProdMore"><button type="button" class="list-btn"><span>함께할인 상품선택</span></button></div></div></div></div>  <div class="unitItem typeA    css-bimbqe" data-doc-id="H070240726N37O0"><div class="thumbWrap "><div class="thumb"><button type="button" class="btnThumb"><div class="thumbImg"><span class=" lazy-load-image-background  lazy-load-image-loaded" style="display: block; width: 100%; height: 100%; background:  0% 0% / 50% rgb(238, 238, 238);"><img alt="CJ 햇반솥반 곤드레감자 영양밥 200G" src="../../../../../Downloads/homeplus_files/070240726s0320"></span></div></button><div class="btnProdCart css-213czk"><button type="button" class="shadow"><span class="css-o9vq2t">장바구니담기</span></button></div></div></div><div class="detailInfoWrap "><div class="simpleInfo"><div class="flagWrap "><span class="flag rTxt">마트직송</span><div class="flag event">1+1</div></div></div><div class="detailInfo"><p class="recomComment">간편식&amp;통조림 3만↑1만P</p><a href="https://mfront.homeplus.co.kr/item?itemNo=070240726&amp;storeType=HYPER" class="productTitle"><p class="css-xktqki">CJ 햇반솥반 곤드레감자 영양밥 200G</p></a><div class="priceWrap"><div class="price"><strong class="priceValue">5,990</strong><span class="priceWon">원</span> </div></div><div class="priceQty">100G당 <span> 2,995</span>원</div><div class="prodScoreWrap"><span class="score" title="평점">4.8</span><span class="reviewCnt" title="리뷰 갯수">/868</span><span class="saleCount">2,873</span></div><div class="benefitListWrap"><div class="benefitList"><div class="benefitItem"><span class="benefitTit">마일리지</span><span class="benefitCont">10,000P</span></div></div><div class="sendBenefitFlag"></div></div><div class="btnProdMore"><button type="button" class="list-btn"><span>1+1 상품 골라담기</span></button></div></div></div></div>  <div class="unitItem typeA    css-bimbqe" data-doc-id="H121287294N37O0"><div class="thumbWrap "><div class="thumb"><button type="button" class="btnThumb"><div class="thumbImg"><span class=" lazy-load-image-background  lazy-load-image-loaded" style="display: block; width: 100%; height: 100%; background:  0% 0% / 50% rgb(238, 238, 238);"><img alt="농심 감자면 117G*5입" src="../../../../../Downloads/homeplus_files/121287294s0320"></span></div></button><div class="btnProdCart css-213czk"><button type="button" class="shadow"><span class="css-o9vq2t">장바구니담기</span></button></div></div></div><div class="detailInfoWrap "><div class="simpleInfo"><div class="flagWrap "><span class="flag rTxt">마트직송</span><div class="flag event">함께할인</div></div></div><div class="detailInfo"><p class="recomComment">2개↑10%할인</p><a href="https://mfront.homeplus.co.kr/item?itemNo=121287294&amp;storeType=HYPER" class="productTitle"><p class="css-xktqki">농심 감자면 117G*5입</p></a><div class="priceWrap"><div class="price"><strong class="priceValue">5,680</strong><span class="priceWon">원</span> </div></div><div class="priceQty">1개당 <span> 1,136</span>원</div><div class="prodScoreWrap"><span class="score" title="평점">4.8</span><span class="reviewCnt" title="리뷰 갯수">/2,243</span><span class="saleCount">855</span></div><div class="btnProdMore"><button type="button" class="list-btn"><span>함께할인 상품선택</span></button></div></div></div></div>  <div class="unitItem typeA    css-bimbqe" data-doc-id="H135910970N37O0"><div class="thumbWrap "><div class="thumb"><button type="button" class="btnThumb"><div class="thumbImg"><span class=" lazy-load-image-background  lazy-load-image-loaded" style="display: block; width: 100%; height: 100%; background:  0% 0% / 50% rgb(238, 238, 238);"><img alt="남양유업 아이꼬야감자퐁 30G" src="../../../../../Downloads/homeplus_files/135910970s0320"></span></div></button><div class="btnProdCart css-213czk"><button type="button" class="shadow"><span class="css-o9vq2t">장바구니담기</span></button></div></div></div><div class="detailInfoWrap "><div class="simpleInfo"><div class="flagWrap "><span class="flag rTxt">마트직송</span><div class="flag event">1+1</div></div></div><div class="detailInfo"><p class="recomComment">베이비 10만↑1만P 적립</p><a href="https://mfront.homeplus.co.kr/item?itemNo=135910970&amp;storeType=HYPER" class="productTitle"><p class="css-xktqki">남양유업 아이꼬야감자퐁 30G</p></a><div class="priceWrap"><div class="price"><strong class="priceValue">4,200</strong><span class="priceWon">원</span> </div></div><div class="priceQty">10G당 <span> 1,400</span>원</div><div class="prodScoreWrap"><span class="score" title="평점">4.8</span><span class="reviewCnt" title="리뷰 갯수">/1,449</span><span class="saleCount">3,937</span></div><div class="benefitListWrap"><div class="benefitList"><div class="benefitItem"><span class="benefitTit">마일리지</span><span class="benefitCont">10,000P</span></div></div><div class="sendBenefitFlag"></div></div><div class="btnProdMore"><button type="button" class="list-btn"><span>1+1 상품 골라담기</span></button></div></div></div></div>  <div class="unitItem typeA    css-bimbqe" data-doc-id="H070308279N37O0"><div class="thumbWrap "><div class="thumb"><button type="button" class="btnThumb"><div class="thumbImg"><span class=" lazy-load-image-background  lazy-load-image-loaded" style="display: block; width: 100%; height: 100%; background:  0% 0% / 50% rgb(238, 238, 238);"><img alt="동원 개성 감자만두 350G" src="../../../../../Downloads/homeplus_files/070308279s0320"></span></div></button><div class="btnProdCart css-213czk"><button type="button" class="shadow"><span class="css-o9vq2t">장바구니담기</span></button></div></div></div><div class="detailInfoWrap "><div class="simpleInfo"><div class="flagWrap "><span class="flag rTxt">마트직송</span><div class="flag event">1+1</div></div></div><div class="detailInfo"><a href="https://mfront.homeplus.co.kr/item?itemNo=070308279&amp;storeType=HYPER" class="productTitle"><p class="css-xktqki">동원 개성 감자만두 350G</p></a><div class="priceWrap"><div class="price"><strong class="priceValue">5,990</strong><span class="priceWon">원</span> </div></div><div class="priceQty">100G당 <span> 1,711.4</span>원</div><div class="prodScoreWrap"><span class="score" title="평점">4.6</span><span class="reviewCnt" title="리뷰 갯수">/2,063</span><span class="saleCount">5,451</span></div><div class="btnProdMore"><button type="button" class="list-btn"><span>1+1 상품 골라담기</span></button></div></div></div></div>  <div class="unitItem typeA    css-bimbqe" data-doc-id="H070587270N37O0"><div class="thumbWrap "><div class="thumb"><button type="button" class="btnThumb"><div class="thumbImg"><span class=" lazy-load-image-background  lazy-load-image-loaded" style="display: block; width: 100%; height: 100%; background:  0% 0% / 50% rgb(238, 238, 238);"><img alt="씨제이 찰보리 감자만두 300G" src="../../../../../Downloads/homeplus_files/070587270s0320"></span></div></button><div class="btnProdCart css-213czk"><button type="button" class="shadow"><span class="css-o9vq2t">장바구니담기</span></button></div></div></div><div class="detailInfoWrap "><div class="simpleInfo"><div class="flagWrap "><span class="flag rTxt">마트직송</span><div class="flag event">함께할인</div></div></div><div class="detailInfo"><p class="recomComment">간편식&amp;통조림 3만↑1만P</p><a href="https://mfront.homeplus.co.kr/item?itemNo=070587270&amp;storeType=HYPER" class="productTitle"><p class="css-xktqki">씨제이 찰보리 감자만두 300G</p></a><div class="priceWrap"><div class="price"><strong class="priceValue">3,990</strong><span class="priceWon">원</span> </div></div><div class="priceQty">100G당 <span> 1,330</span>원</div><div class="prodScoreWrap"><span class="score" title="평점">4.7</span><span class="reviewCnt" title="리뷰 갯수">/808</span><span class="saleCount">450</span></div><div class="benefitListWrap"><div class="benefitList"><div class="benefitItem"><span class="benefitTit">마일리지</span><span class="benefitCont">10,000P</span></div></div><div class="sendBenefitFlag"></div></div><div class="btnProdMore"><button type="button" class="list-btn"><span>함께할인 상품선택</span></button></div></div></div></div>  <div class="unitItem typeA    css-bimbqe" data-doc-id="H129622202N37O0"><div class="thumbWrap "><div class="thumb"><button type="button" class="btnThumb"><div class="thumbImg"><span class=" lazy-load-image-background  lazy-load-image-loaded" style="display: block; width: 100%; height: 100%; background:  0% 0% / 50% rgb(238, 238, 238);"><img alt="[밀키트] 홈플러스 홈밀 감자수제비 순두부 찌개 1100G" src="../../../../../Downloads/homeplus_files/129622202s0320"></span></div></button><div class="btnProdCart css-213czk"><button type="button" class="shadow"><span class="css-o9vq2t">장바구니담기</span></button></div></div></div><div class="detailInfoWrap "><div class="simpleInfo"><div class="flagWrap "><span class="flag rTxt">마트직송</span><div class="flag event">행사상품</div></div></div><div class="detailInfo"><a href="https://mfront.homeplus.co.kr/item?itemNo=129622202&amp;storeType=HYPER" class="productTitle"><p class="css-xktqki">[밀키트] 홈플러스 홈밀 감자수제비 순두부 찌개 1100G</p></a><div class="priceWrap"><div class="price"><strong class="priceValue">7,990</strong><span class="priceWon">원</span> </div></div><div class="priceQty">100G당 <span> 726.4</span>원</div><div class="prodScoreWrap"><span class="score" title="평점">4.7</span><span class="reviewCnt" title="리뷰 갯수">/3,309</span><span class="saleCount">1,775</span></div></div></div></div>  <div class="unitItem typeA    css-bimbqe" data-doc-id="H069829648N37O0"><div class="thumbWrap "><div class="thumb"><button type="button" class="btnThumb"><div class="thumbImg"><span class=" lazy-load-image-background  lazy-load-image-loaded" style="display: block; width: 100%; height: 100%; background:  0% 0% / 50% rgb(238, 238, 238);"><img alt="오뚜기 프레스코 베이컨 감자스프 180G" src="../../../../../Downloads/homeplus_files/069829648s0320"></span></div></button><div class="btnProdCart css-213czk"><button type="button" class="shadow"><span class="css-o9vq2t">장바구니담기</span></button></div></div></div><div class="detailInfoWrap "><div class="simpleInfo"><div class="flagWrap "><span class="flag rTxt">마트직송</span><div class="flag event">1+1</div></div></div><div class="detailInfo"><p class="recomComment">간편식&amp;통조림 3만↑1만P</p><a href="https://mfront.homeplus.co.kr/item?itemNo=069829648&amp;storeType=HYPER" class="productTitle"><p class="css-xktqki">오뚜기 프레스코 베이컨 감자스프 180G</p></a><div class="priceWrap"><div class="price"><strong class="priceValue">2,990</strong><span class="priceWon">원</span> </div></div><div class="priceQty">100G당 <span> 1,661.1</span>원</div><div class="prodScoreWrap"><span class="score" title="평점">4.8</span><span class="reviewCnt" title="리뷰 갯수">/694</span><span class="saleCount">1,237</span></div><div class="benefitListWrap"><div class="benefitList"><div class="benefitItem"><span class="benefitTit">마일리지</span><span class="benefitCont">10,000P</span></div></div><div class="sendBenefitFlag"></div></div><div class="btnProdMore"><button type="button" class="list-btn"><span>1+1 상품 골라담기</span></button></div></div></div></div>  <div class="unitItem typeA    css-bimbqe" data-doc-id="H070715465N37O0"><div class="thumbWrap "><div class="thumb"><button type="button" class="btnThumb"><div class="thumbImg"><span class=" lazy-load-image-background  lazy-load-image-loaded" style="display: block; width: 100%; height: 100%; background:  0% 0% / 50% rgb(238, 238, 238);"><img alt="해태 가루비 감자칩 오리지널 40G" src="../../../../../Downloads/homeplus_files/070715465s0320"></span></div></button><div class="btnProdCart css-213czk"><button type="button" class="shadow"><span class="css-o9vq2t">장바구니담기</span></button></div></div></div><div class="detailInfoWrap "><div class="simpleInfo"><div class="flagWrap "><span class="flag rTxt">마트직송</span><div class="flag event">함께할인</div><div class="flag event">신상품</div></div></div><div class="detailInfo"><p class="recomComment">10개 구매시 9,900원</p><a href="https://mfront.homeplus.co.kr/item?itemNo=070715465&amp;storeType=HYPER" class="productTitle"><p class="css-xktqki">해태 가루비 감자칩 오리지널 40G</p></a><div class="priceWrap"><div class="price"><strong class="priceValue">1,190</strong><span class="priceWon">원</span> </div></div><div class="priceQty">10G당 <span> 297.5</span>원</div><div class="prodScoreWrap"><span class="score" title="평점">4.8</span><span class="reviewCnt" title="리뷰 갯수">/177</span><span class="saleCount">7,686</span></div><div class="btnProdMore"><button type="button" class="list-btn"><span>함께할인 상품선택</span></button></div></div></div></div>  <div class="unitItem typeA    css-bimbqe" data-doc-id="H138330620N37O0"><div class="thumbWrap "><div class="thumb"><button type="button" class="btnThumb"><div class="thumbImg"><span class=" lazy-load-image-background " style="display: block; width: 100%; height: 100%; background:  0% 0% / 50% rgb(238, 238, 238);"><span class="" style="display: inline-block;"></span></span></div></button><div class="btnProdCart css-213czk"><button type="button" class="shadow"><span class="css-o9vq2t">장바구니담기</span></button></div></div></div><div class="detailInfoWrap "><div class="simpleInfo"><div class="flagWrap "><span class="flag rTxt">마트직송</span><div class="flag event">1+1</div></div></div><div class="detailInfo"><p class="recomComment">베이비 10만↑1만P 적립</p><a href="https://mfront.homeplus.co.kr/item?itemNo=138330620&amp;storeType=HYPER" class="productTitle"><p class="css-xktqki">남양유업 우리아이 처음먹는 감자 얌얌 35G</p></a><div class="priceWrap"><div class="price"><strong class="priceValue">3,500</strong><span class="priceWon">원</span> </div></div><div class="priceQty">10G당 <span> 1,000</span>원</div><div class="prodScoreWrap"><span class="score" title="평점">4.8</span><span class="reviewCnt" title="리뷰 갯수">/1,256</span><span class="saleCount">2,398</span></div><div class="benefitListWrap"><div class="benefitList"><div class="benefitItem"><span class="benefitTit">마일리지</span><span class="benefitCont">10,000P</span></div></div><div class="sendBenefitFlag"></div></div><div class="btnProdMore"><button type="button" class="list-btn"><span>1+1 상품 골라담기</span></button></div></div></div></div>  <div class="unitItem typeA    css-bimbqe" data-doc-id="H070357243N37O0"><div class="thumbWrap "><div class="thumb"><button type="button" class="btnThumb"><div class="thumbImg"><span class=" lazy-load-image-background " style="display: block; width: 100%; height: 100%; background:  0% 0% / 50% rgb(238, 238, 238);"><span class="" style="display: inline-block;"></span></span></div></button><div class="btnProdCart css-213czk"><button type="button" class="shadow"><span class="css-o9vq2t">장바구니담기</span></button></div></div></div><div class="detailInfoWrap "><div class="simpleInfo"><div class="flagWrap "><span class="flag rTxt">마트직송</span><div class="flag event">1+1</div></div></div><div class="detailInfo"><p class="recomComment">베이비 10만↑1만P 적립</p><a href="https://mfront.homeplus.co.kr/item?itemNo=070357243&amp;storeType=HYPER" class="productTitle"><p class="css-xktqki">일동후디스 아이얌 닭감자고구마진밥 100G</p></a><div class="priceWrap"><div class="price"><strong class="priceValue">3,200</strong><span class="priceWon">원</span> </div></div><div class="priceQty">100G당 <span> 3,200</span>원</div><div class="prodScoreWrap"><span class="score" title="평점">4.8</span><span class="reviewCnt" title="리뷰 갯수">/139</span><span class="saleCount">2,212</span></div><div class="benefitListWrap"><div class="benefitList"><div class="benefitItem"><span class="benefitTit">마일리지</span><span class="benefitCont">10,000P</span></div></div><div class="sendBenefitFlag"></div></div><div class="btnProdMore"><button type="button" class="list-btn"><span>1+1 상품 골라담기</span></button></div></div></div></div>  <div class="unitItem typeA    css-bimbqe" data-doc-id="H058332336N37O0"><div class="thumbWrap "><div class="thumb"><button type="button" class="btnThumb"><div class="thumbImg"><span class=" lazy-load-image-background " style="display: block; width: 100%; height: 100%; background:  0% 0% / 50% rgb(238, 238, 238);"><span class="" style="display: inline-block;"></span></span></div></button><div class="btnProdCart css-213czk"><button type="button" class="shadow"><span class="css-o9vq2t">장바구니담기</span></button></div></div></div><div class="detailInfoWrap "><div class="simpleInfo"><div class="flagWrap "><span class="flag rTxt">마트직송</span></div></div><div class="detailInfo"><a href="https://mfront.homeplus.co.kr/item?itemNo=058332336&amp;storeType=HYPER" class="productTitle"><p class="css-xktqki">홈플러스시그니처 짜먹는 감자 에그샐러드 400G</p></a><div class="priceWrap"><div class="price"><strong class="priceValue">5,990</strong><span class="priceWon">원</span> </div></div><div class="priceQty">100G당 <span> 1,497.5</span>원</div><div class="prodScoreWrap"><span class="score" title="평점">4.7</span><span class="reviewCnt" title="리뷰 갯수">/1,476</span><span class="saleCount">1,502</span></div></div></div></div>  <div class="unitItem typeA    css-bimbqe" data-doc-id="H058927439N37O0"><div class="thumbWrap "><div class="thumb"><button type="button" class="btnThumb"><div class="thumbImg"><span class=" lazy-load-image-background " style="display: block; width: 100%; height: 100%; background:  0% 0% / 50% rgb(238, 238, 238);"><span class="" style="display: inline-block;"></span></span></div></button><div class="btnProdCart css-213czk"><button type="button" class="shadow"><span class="css-o9vq2t">장바구니담기</span></button></div></div></div><div class="detailInfoWrap "><div class="simpleInfo"><div class="flagWrap "><span class="flag rTxt">마트직송</span></div></div><div class="detailInfo"><a href="https://mfront.homeplus.co.kr/item?itemNo=058927439&amp;storeType=HYPER" class="productTitle"><p class="css-xktqki">홈플러스시그니처 국산감자맛전분 400G</p></a><div class="priceWrap"><div class="price"><strong class="priceValue">5,490</strong><span class="priceWon">원</span> </div></div><div class="priceQty">100G당 <span> 1,372.5</span>원</div><div class="prodScoreWrap"><span class="score" title="평점">4.8</span><span class="reviewCnt" title="리뷰 갯수">/1,055</span><span class="saleCount">1,103</span></div></div></div></div>  <div class="unitItem typeA    css-bimbqe" data-doc-id="H133161810N37O0"><div class="thumbWrap "><div class="thumb"><button type="button" class="btnThumb"><div class="thumbImg"><span class=" lazy-load-image-background " style="display: block; width: 100%; height: 100%; background:  0% 0% / 50% rgb(238, 238, 238);"><span class="" style="display: inline-block;"></span></span></div></button><div class="btnProdCart css-213czk"><button type="button" class="shadow"><span class="css-o9vq2t">장바구니담기</span></button></div></div></div><div class="detailInfoWrap "><div class="simpleInfo"><div class="flagWrap "><span class="flag rTxt">마트직송</span></div></div><div class="detailInfo"><a href="https://mfront.homeplus.co.kr/item?itemNo=133161810&amp;storeType=HYPER" class="productTitle"><p class="css-xktqki">동원 퀴진 케이준 양념감자 800G</p></a><div class="priceWrap"><div class="price"><strong class="priceValue">8,990</strong><span class="priceWon">원</span> </div></div><div class="priceQty">100G당 <span> 1,123.8</span>원</div><div class="prodScoreWrap"><span class="score" title="평점">4.8</span><span class="reviewCnt" title="리뷰 갯수">/3,247</span><span class="saleCount">4,376</span></div></div></div></div>  <div class="unitItem typeA    css-bimbqe" data-doc-id="H058963735N37O0"><div class="thumbWrap "><div class="thumb"><button type="button" class="btnThumb"><div class="thumbImg"><span class=" lazy-load-image-background " style="display: block; width: 100%; height: 100%; background:  0% 0% / 50% rgb(238, 238, 238);"><span class="" style="display: inline-block;"></span></span></div></button><div class="btnProdCart css-213czk"><button type="button" class="shadow"><span class="css-o9vq2t">장바구니담기</span></button></div></div></div><div class="detailInfoWrap "><div class="simpleInfo"><div class="flagWrap "><span class="flag rTxt">마트직송</span></div></div><div class="detailInfo"><a href="https://mfront.homeplus.co.kr/item?itemNo=058963735&amp;storeType=HYPER" class="productTitle"><p class="css-xktqki">홈플러스시그니처 감자맛전분 400G</p></a><div class="priceWrap"><div class="price"><strong class="priceValue">3,190</strong><span class="priceWon">원</span> </div></div><div class="priceQty">100G당 <span> 797.5</span>원</div><div class="prodScoreWrap"><span class="score" title="평점">4.8</span><span class="reviewCnt" title="리뷰 갯수">/2,154</span><span class="saleCount">2,813</span></div></div></div></div>  <div class="unitItem typeA    css-bimbqe" data-doc-id="H069573346N37O0"><div class="thumbWrap "><div class="thumb"><button type="button" class="btnThumb"><div class="thumbImg"><span class=" lazy-load-image-background " style="display: block; width: 100%; height: 100%; background:  0% 0% / 50% rgb(238, 238, 238);"><span class="" style="display: inline-block;"></span></span></div></button><div class="btnProdCart css-213czk"><button type="button" class="shadow"><span class="css-o9vq2t">장바구니담기</span></button></div></div></div><div class="detailInfoWrap "><div class="simpleInfo"><div class="flagWrap "><span class="flag rTxt">마트직송</span><div class="flag event">행사상품</div></div></div><div class="detailInfo"><a href="https://mfront.homeplus.co.kr/item?itemNo=069573346&amp;storeType=HYPER" class="productTitle"><p class="css-xktqki">홈플러스시그니처 감자칩 오리지널 110G</p></a><div class="priceWrap"><div class="price"><strong class="priceValue">1,250</strong><span class="priceWon">원</span> </div></div><div class="priceQty">10G당 <span> 113.6</span>원</div><div class="prodScoreWrap"><span class="score" title="평점">4.7</span><span class="reviewCnt" title="리뷰 갯수">/2,413</span><span class="saleCount">2,793</span></div></div></div></div>  <div class="unitItem typeA    css-bimbqe" data-doc-id="H115749003N37O0"><div class="thumbWrap "><div class="thumb"><button type="button" class="btnThumb"><div class="thumbImg"><span class=" lazy-load-image-background " style="display: block; width: 100%; height: 100%; background:  0% 0% / 50% rgb(238, 238, 238);"><span class="" style="display: inline-block;"></span></span></div></button><div class="btnProdCart css-213czk"><button type="button" class="shadow"><span class="css-o9vq2t">장바구니담기</span></button></div></div></div><div class="detailInfoWrap "><div class="simpleInfo"><div class="flagWrap "><span class="flag rTxt">마트직송</span><div class="flag event">행사상품</div></div></div><div class="detailInfo"><a href="https://mfront.homeplus.co.kr/item?itemNo=115749003&amp;storeType=HYPER" class="productTitle"><p class="css-xktqki">해태 자가비 감자케이스 90G</p></a><div class="priceWrap"><div class="price"><strong class="priceValue">3,190</strong><span class="priceWon">원</span> </div></div><div class="priceQty">10G당 <span> 354.4</span>원</div><div class="prodScoreWrap"><span class="score" title="평점">4.8</span><span class="reviewCnt" title="리뷰 갯수">/3,114</span><span class="saleCount">2,091</span></div></div></div></div>  <div class="unitItem typeA    css-bimbqe" data-doc-id="H055964399N37O0"><div class="thumbWrap "><div class="thumb"><button type="button" class="btnThumb"><div class="thumbImg"><span class=" lazy-load-image-background " style="display: block; width: 100%; height: 100%; background:  0% 0% / 50% rgb(238, 238, 238);"><span class="" style="display: inline-block;"></span></span></div></button><div class="btnProdCart css-213czk"><button type="button" class="shadow"><span class="css-o9vq2t">장바구니담기</span></button></div></div></div><div class="detailInfoWrap "><div class="simpleInfo"><div class="flagWrap "><span class="flag rTxt">마트직송</span></div></div><div class="detailInfo"><a href="https://mfront.homeplus.co.kr/item?itemNo=055964399&amp;storeType=HYPER" class="productTitle"><p class="css-xktqki">쿡탁 감자 수제비 400G</p></a><div class="priceWrap"><div class="price"><strong class="priceValue">1,990</strong><span class="priceWon">원</span> </div></div><div class="priceQty">100G당 <span> 497.5</span>원</div><div class="prodScoreWrap"><span class="score" title="평점">4.8</span><span class="reviewCnt" title="리뷰 갯수">/5,060</span><span class="saleCount">1,687</span></div></div></div></div>  <div class="unitItem typeA    css-bimbqe" data-doc-id="H070582868N37O0"><div class="thumbWrap "><div class="thumb"><button type="button" class="btnThumb"><div class="thumbImg"><span class=" lazy-load-image-background " style="display: block; width: 100%; height: 100%; background:  0% 0% / 50% rgb(238, 238, 238);"><span class="" style="display: inline-block;"></span></span></div></button><div class="btnProdCart css-213czk"><button type="button" class="shadow"><span class="css-o9vq2t">장바구니담기</span></button></div></div></div><div class="detailInfoWrap "><div class="simpleInfo"><div class="flagWrap "><span class="flag rTxt">마트직송</span></div></div><div class="detailInfo"><a href="https://mfront.homeplus.co.kr/item?itemNo=070582868&amp;storeType=HYPER" class="productTitle"><p class="css-xktqki">[몽블랑제]단짠 감자치즈 쫀득이 (3입)</p></a><div class="priceWrap"><div class="price"><strong class="priceValue">4,200</strong><span class="priceWon">원</span> </div></div><div class="prodScoreWrap"><span class="score" title="평점">4.7</span><span class="reviewCnt" title="리뷰 갯수">/762</span><span class="saleCount">4,967</span></div></div></div></div>  <div class="unitItem typeA    css-bimbqe" data-doc-id="H145384991N37O0"><div class="thumbWrap "><div class="thumb"><button type="button" class="btnThumb"><div class="thumbImg"><span class=" lazy-load-image-background " style="display: block; width: 100%; height: 100%; background:  0% 0% / 50% rgb(238, 238, 238);"><span class="" style="display: inline-block;"></span></span></div></button><div class="btnProdCart css-213czk"><button type="button" class="shadow"><span class="css-o9vq2t">장바구니담기</span></button></div></div></div><div class="detailInfoWrap "><div class="simpleInfo"><div class="flagWrap "><span class="flag rTxt">마트직송</span><div class="flag event">1+1</div></div></div><div class="detailInfo"><p class="recomComment">베이비 10만↑1만P 적립</p><a href="https://mfront.homeplus.co.kr/item?itemNo=145384991&amp;storeType=HYPER" class="productTitle"><p class="css-xktqki">일동후디스 키요촉촉한두부와플감자 64G</p></a><div class="priceWrap"><div class="price"><strong class="priceValue">4,500</strong><span class="priceWon">원</span> </div></div><div class="priceQty">10G당 <span> 703.1</span>원</div><div class="prodScoreWrap"><span class="score" title="평점">4.7</span><span class="reviewCnt" title="리뷰 갯수">/764</span><span class="saleCount">950</span></div><div class="benefitListWrap"><div class="benefitList"><div class="benefitItem"><span class="benefitTit">마일리지</span><span class="benefitCont">10,000P</span></div></div><div class="sendBenefitFlag"></div></div><div class="btnProdMore"><button type="button" class="list-btn"><span>1+1 상품 골라담기</span></button></div></div></div></div>  <div class="unitItem typeA    css-bimbqe" data-doc-id="H070253227N37O0"><div class="thumbWrap "><div class="thumb"><button type="button" class="btnThumb"><div class="thumbImg"><span class=" lazy-load-image-background " style="display: block; width: 100%; height: 100%; background:  0% 0% / 50% rgb(238, 238, 238);"><span class="" style="display: inline-block;"></span></span></div></button><div class="btnProdCart css-213czk"><button type="button" class="shadow"><span class="css-o9vq2t">장바구니담기</span></button></div></div></div><div class="detailInfoWrap "><div class="simpleInfo"><div class="flagWrap "><span class="flag rTxt">마트직송</span></div></div><div class="detailInfo"><a href="https://mfront.homeplus.co.kr/item?itemNo=070253227&amp;storeType=HYPER" class="productTitle"><p class="css-xktqki">레이즈 트러플 감자칩 170G</p></a><div class="priceWrap"><div class="price"><strong class="priceValue">4,990</strong><span class="priceWon">원</span> </div></div><div class="priceQty">10G당 <span> 293.5</span>원</div><div class="prodScoreWrap"><span class="score" title="평점">4.7</span><span class="reviewCnt" title="리뷰 갯수">/210</span><span class="saleCount">241</span></div></div></div></div>  <div class="unitItem typeA    css-bimbqe" data-doc-id="H123210958N37O0"><div class="thumbWrap "><div class="thumb"><button type="button" class="btnThumb"><div class="thumbImg"><span class=" lazy-load-image-background  lazy-load-image-loaded" style="display: block; width: 100%; height: 100%; background:  0% 0% / 50% rgb(238, 238, 238);"><img alt="농심 감자깡 75G" src="../../../../../Downloads/homeplus_files/123210958s0320"></span></div></button><div class="btnProdCart css-213czk"><button type="button" class="shadow"><span class="css-o9vq2t">장바구니담기</span></button></div></div></div><div class="detailInfoWrap "><div class="simpleInfo"><div class="flagWrap "><span class="flag rTxt">마트직송</span></div></div><div class="detailInfo"><a href="https://mfront.homeplus.co.kr/item?itemNo=123210958&amp;storeType=HYPER" class="productTitle"><p class="css-xktqki">농심 감자깡 75G</p></a><div class="priceWrap"><div class="price"><strong class="priceValue">1,360</strong><span class="priceWon">원</span> </div></div><div class="priceQty">10G당 <span> 181.3</span>원</div><div class="prodScoreWrap"><span class="score" title="평점">4.8</span><span class="reviewCnt" title="리뷰 갯수">/13,797</span><span class="saleCount">5,242</span></div></div></div></div>  <div class="unitItem typeA    css-bimbqe" data-doc-id="H105693616N37O0"><div class="thumbWrap "><div class="thumb"><button type="button" class="btnThumb"><div class="thumbImg"><span class=" lazy-load-image-background  lazy-load-image-loaded" style="display: block; width: 100%; height: 100%; background:  0% 0% / 50% rgb(238, 238, 238);"><img alt="CJ 감자 수제비용 가루 500G" src="../../../../../Downloads/homeplus_files/105693616s0320"></span></div></button><div class="btnProdCart css-213czk"><button type="button" class="shadow"><span class="css-o9vq2t">장바구니담기</span></button></div></div></div><div class="detailInfoWrap "><div class="simpleInfo"><div class="flagWrap "><span class="flag rTxt">마트직송</span></div></div><div class="detailInfo"><a href="https://mfront.homeplus.co.kr/item?itemNo=105693616&amp;storeType=HYPER" class="productTitle"><p class="css-xktqki">CJ 감자 수제비용 가루 500G</p></a><div class="priceWrap"><div class="price"><strong class="priceValue">3,280</strong><span class="priceWon">원</span> </div></div><div class="priceQty">100G당 <span> 656</span>원</div><div class="prodScoreWrap"><span class="score" title="평점">4.8</span><span class="reviewCnt" title="리뷰 갯수">/1,683</span><span class="saleCount">932</span></div></div></div></div>  <div class="unitItem typeA    css-bimbqe" data-doc-id="H070374959N37O0"><div class="thumbWrap "><div class="thumb"><button type="button" class="btnThumb"><div class="thumbImg"><span class=" lazy-load-image-background  lazy-load-image-loaded" style="display: block; width: 100%; height: 100%; background:  0% 0% / 50% rgb(238, 238, 238);"><img alt="써니데일 슈튜링컷 감자튀김 1KG" src="../../../../../Downloads/homeplus_files/070374959s0320"></span></div></button><div class="btnProdCart css-213czk"><button type="button" class="shadow"><span class="css-o9vq2t">장바구니담기</span></button></div></div></div><div class="detailInfoWrap "><div class="simpleInfo"><div class="flagWrap "><span class="flag rTxt">마트직송</span></div></div><div class="detailInfo"><a href="https://mfront.homeplus.co.kr/item?itemNo=070374959&amp;storeType=HYPER" class="productTitle"><p class="css-xktqki">써니데일 슈튜링컷 감자튀김 1KG</p></a><div class="priceWrap"><div class="price"><strong class="priceValue">6,990</strong><span class="priceWon">원</span> </div></div><div class="priceQty">100G당 <span> 699</span>원</div><div class="prodScoreWrap"><span class="score" title="평점">4.7</span><span class="reviewCnt" title="리뷰 갯수">/131</span><span class="saleCount">1,390</span></div></div></div></div>  <div class="unitItem typeA    css-bimbqe" data-doc-id="H138632960N37O0"><div class="thumbWrap "><div class="thumb"><button type="button" class="btnThumb"><div class="thumbImg"><span class=" lazy-load-image-background  lazy-load-image-loaded" style="display: block; width: 100%; height: 100%; background:  0% 0% / 50% rgb(238, 238, 238);"><img alt="홈플러스 홈밀 한입 감자전 400G" src="../../../../../Downloads/homeplus_files/138632960s0320"></span></div></button><div class="btnProdCart css-213czk"><button type="button" class="shadow"><span class="css-o9vq2t">장바구니담기</span></button></div></div></div><div class="detailInfoWrap "><div class="simpleInfo"><div class="flagWrap "><span class="flag rTxt">마트직송</span></div></div><div class="detailInfo"><a href="https://mfront.homeplus.co.kr/item?itemNo=138632960&amp;storeType=HYPER" class="productTitle"><p class="css-xktqki">홈플러스 홈밀 한입 감자전 400G</p></a><div class="priceWrap"><div class="price"><strong class="priceValue">6,490</strong><span class="priceWon">원</span> </div></div><div class="priceQty">100G당 <span> 1,622.5</span>원</div><div class="prodScoreWrap"><span class="score" title="평점">4.7</span><span class="reviewCnt" title="리뷰 갯수">/1,397</span><span class="saleCount">526</span></div></div></div></div>  <div class="unitItem typeA    css-bimbqe" data-doc-id="H126984751N37O0"><div class="thumbWrap "><div class="thumb"><button type="button" class="btnThumb"><div class="thumbImg"><span class=" lazy-load-image-background  lazy-load-image-loaded" style="display: block; width: 100%; height: 100%; background:  0% 0% / 50% rgb(238, 238, 238);"><img alt="오리온 ONLY생감자팩 180G" src="../../../../../Downloads/homeplus_files/126984751s0320"></span></div></button><div class="btnProdCart css-213czk"><button type="button" class="shadow"><span class="css-o9vq2t">장바구니담기</span></button></div></div></div><div class="detailInfoWrap "><div class="simpleInfo"><div class="flagWrap "><span class="flag rTxt">마트직송</span></div></div><div class="detailInfo"><a href="https://mfront.homeplus.co.kr/item?itemNo=126984751&amp;storeType=HYPER" class="productTitle"><p class="css-xktqki">오리온 ONLY생감자팩 180G</p></a><div class="priceWrap"><div class="price"><strong class="priceValue">4,590</strong><span class="priceWon">원</span> </div></div><div class="priceQty">10G당 <span> 255</span>원</div><div class="prodScoreWrap"><span class="score" title="평점">4.8</span><span class="reviewCnt" title="리뷰 갯수">/1,894</span><span class="saleCount">736</span></div></div></div></div>  <div class="unitItem typeA    css-bimbqe" data-doc-id="H070228460N37O0"><div class="thumbWrap "><div class="thumb"><button type="button" class="btnThumb"><div class="thumbImg"><span class=" lazy-load-image-background  lazy-load-image-loaded" style="display: block; width: 100%; height: 100%; background:  0% 0% / 50% rgb(238, 238, 238);"><img alt="풀무원 두부칩 감자 35G" src="../../../../../Downloads/homeplus_files/070228460s0320"></span></div></button><div class="btnProdCart css-213czk"><button type="button" class="shadow"><span class="css-o9vq2t">장바구니담기</span></button></div></div></div><div class="detailInfoWrap "><div class="simpleInfo"><div class="flagWrap "><span class="flag rTxt">마트직송</span><div class="flag event">1+1</div></div></div><div class="detailInfo"><a href="https://mfront.homeplus.co.kr/item?itemNo=070228460&amp;storeType=HYPER" class="productTitle"><p class="css-xktqki">풀무원 두부칩 감자 35G</p></a><div class="priceWrap"><div class="price"><strong class="priceValue">2,990</strong><span class="priceWon">원</span> </div></div><div class="priceQty">10G당 <span> 854.3</span>원</div><div class="prodScoreWrap"><span class="score" title="평점">4.6</span><span class="reviewCnt" title="리뷰 갯수">/403</span><span class="saleCount">24</span></div><div class="btnProdMore"><button type="button" class="list-btn"><span>1+1 상품 골라담기</span></button></div></div></div></div>  <div class="unitItem typeA    css-bimbqe" data-doc-id="H125233974N37O0"><div class="thumbWrap "><div class="thumb"><button type="button" class="btnThumb"><div class="thumbImg"><span class=" lazy-load-image-background " style="display: block; width: 100%; height: 100%; background:  0% 0% / 50% rgb(238, 238, 238);"><span class="" style="display: inline-block;"></span></span></div></button><div class="btnProdCart css-213czk"><button type="button" class="shadow"><span class="css-o9vq2t">장바구니담기</span></button></div></div></div><div class="detailInfoWrap "><div class="simpleInfo"><div class="flagWrap "><span class="flag rTxt">마트직송</span></div></div><div class="detailInfo"><a href="https://mfront.homeplus.co.kr/item?itemNo=125233974&amp;storeType=HYPER" class="productTitle"><p class="css-xktqki">씨제이 비비고 찰보리 감자 만두 400G*2</p></a><div class="priceWrap"><div class="price"><strong class="priceValue">9,490</strong><span class="priceWon">원</span> </div></div><div class="priceQty">100G당 <span> 1,186.3</span>원</div><div class="prodScoreWrap"><span class="score" title="평점">4.8</span><span class="reviewCnt" title="리뷰 갯수">/1,686</span><span class="saleCount">356</span></div></div></div></div>  <div class="unitItem typeA    css-bimbqe" data-doc-id="H069763483N37O0"><div class="thumbWrap "><div class="thumb"><button type="button" class="btnThumb"><div class="thumbImg"><span class=" lazy-load-image-background " style="display: block; width: 100%; height: 100%; background:  0% 0% / 50% rgb(238, 238, 238);"><span class="" style="display: inline-block;"></span></span></div></button><div class="btnProdCart css-213czk"><button type="button" class="shadow"><span class="css-o9vq2t">장바구니담기</span></button></div></div></div><div class="detailInfoWrap "><div class="simpleInfo"><div class="flagWrap "><span class="flag rTxt">마트직송</span></div></div><div class="detailInfo"><a href="https://mfront.homeplus.co.kr/item?itemNo=069763483&amp;storeType=HYPER" class="productTitle"><p class="css-xktqki">동원 개성 감자 만두 400G*2</p></a><div class="priceWrap"><div class="price"><strong class="priceValue">9,490</strong><span class="priceWon">원</span> </div></div><div class="priceQty">100G당 <span> 1,186.3</span>원</div><div class="prodScoreWrap"><span class="score" title="평점">4.8</span><span class="reviewCnt" title="리뷰 갯수">/449</span><span class="saleCount">55</span></div></div></div></div>  <div class="unitItem typeA    css-bimbqe" data-doc-id="H070616254N37O0"><div class="thumbWrap "><div class="thumb"><button type="button" class="btnThumb"><div class="thumbImg"><span class=" lazy-load-image-background " style="display: block; width: 100%; height: 100%; background:  0% 0% / 50% rgb(238, 238, 238);"><span class="" style="display: inline-block;"></span></span></div></button><div class="btnProdCart css-213czk"><button type="button" class="shadow"><span class="css-o9vq2t">장바구니담기</span></button></div></div></div><div class="detailInfoWrap "><div class="simpleInfo"><div class="flagWrap "><span class="flag rTxt">마트직송</span></div></div><div class="detailInfo"><a href="https://mfront.homeplus.co.kr/item?itemNo=070616254&amp;storeType=HYPER" class="productTitle"><p class="css-xktqki">오리온 무뚝뚝 감자칩 103G</p></a><div class="priceWrap"><div class="price"><strong class="priceValue">2,720</strong><span class="priceWon">원</span> </div></div><div class="priceQty">10G당 <span> 256.6</span>원</div><div class="prodScoreWrap"><span class="score" title="평점">4.9</span><span class="reviewCnt" title="리뷰 갯수">/133</span><span class="saleCount">1,552</span></div></div></div></div>  <div class="unitItem typeA    css-bimbqe" data-doc-id="H069573333N37O0"><div class="thumbWrap "><div class="thumb"><button type="button" class="btnThumb"><div class="thumbImg"><span class=" lazy-load-image-background " style="display: block; width: 100%; height: 100%; background:  0% 0% / 50% rgb(238, 238, 238);"><span class="" style="display: inline-block;"></span></span></div></button><div class="btnProdCart css-213czk"><button type="button" class="shadow"><span class="css-o9vq2t">장바구니담기</span></button></div></div></div><div class="detailInfoWrap "><div class="simpleInfo"><div class="flagWrap "><span class="flag rTxt">마트직송</span><div class="flag event">행사상품</div></div></div><div class="detailInfo"><a href="https://mfront.homeplus.co.kr/item?itemNo=069573333&amp;storeType=HYPER" class="productTitle"><p class="css-xktqki">홈플러스시그니처 감자칩 사워크림앤어니언향 110G</p></a><div class="priceWrap"><div class="price"><strong class="priceValue">1,250</strong><span class="priceWon">원</span> </div></div><div class="priceQty">10G당 <span> 113.6</span>원</div><div class="prodScoreWrap"><span class="score" title="평점">4.8</span><span class="reviewCnt" title="리뷰 갯수">/2,077</span><span class="saleCount">2,357</span></div></div></div></div>  <div class="unitItem typeA    css-bimbqe" data-doc-id="H069572979N37O0"><div class="thumbWrap "><div class="thumb"><button type="button" class="btnThumb"><div class="thumbImg"><span class=" lazy-load-image-background " style="display: block; width: 100%; height: 100%; background:  0% 0% / 50% rgb(238, 238, 238);"><span class="" style="display: inline-block;"></span></span></div></button><div class="btnProdCart css-213czk"><button type="button" class="shadow"><span class="css-o9vq2t">장바구니담기</span></button></div></div></div><div class="detailInfoWrap "><div class="simpleInfo"><div class="flagWrap "><span class="flag rTxt">마트직송</span><div class="flag event">행사상품</div></div></div><div class="detailInfo"><a href="https://mfront.homeplus.co.kr/item?itemNo=069572979&amp;storeType=HYPER" class="productTitle"><p class="css-xktqki">홈플러스시그니처 감자칩 치즈 110G</p></a><div class="priceWrap"><div class="price"><strong class="priceValue">1,250</strong><span class="priceWon">원</span> </div></div><div class="priceQty">10G당 <span> 113.6</span>원</div><div class="prodScoreWrap"><span class="score" title="평점">4.7</span><span class="reviewCnt" title="리뷰 갯수">/1,325</span><span class="saleCount">1,255</span></div></div></div></div>  <div class="unitItem typeA    css-bimbqe" data-doc-id="H126984722N37O0"><div class="thumbWrap "><div class="thumb"><button type="button" class="btnThumb"><div class="thumbImg"><span class=" lazy-load-image-background " style="display: block; width: 100%; height: 100%; background:  0% 0% / 50% rgb(238, 238, 238);"><span class="" style="display: inline-block;"></span></span></div></button><div class="btnProdCart css-213czk"><button type="button" class="shadow"><span class="css-o9vq2t">장바구니담기</span></button></div></div></div><div class="detailInfoWrap "><div class="simpleInfo"><div class="flagWrap "><span class="flag rTxt">마트직송</span></div></div><div class="detailInfo"><a href="https://mfront.homeplus.co.kr/item?itemNo=126984722&amp;storeType=HYPER" class="productTitle"><p class="css-xktqki">오리온 감자패밀리팩 180G</p></a><div class="priceWrap"><div class="price"><strong class="priceValue">4,590</strong><span class="priceWon">원</span> </div></div><div class="priceQty">10G당 <span> 255</span>원</div><div class="prodScoreWrap"><span class="score" title="평점">4.8</span><span class="reviewCnt" title="리뷰 갯수">/2,014</span><span class="saleCount">588</span></div></div></div></div>  <div class="unitItem typeA    css-bimbqe" data-doc-id="H127468900N37O0"><div class="thumbWrap "><div class="thumb"><button type="button" class="btnThumb"><div class="thumbImg"><span class=" lazy-load-image-background " style="display: block; width: 100%; height: 100%; background:  0% 0% / 50% rgb(238, 238, 238);"><span class="" style="display: inline-block;"></span></span></div></button><div class="btnProdCart css-213czk"><button type="button" class="shadow"><span class="css-o9vq2t">장바구니담기</span></button></div></div></div><div class="detailInfoWrap "><div class="simpleInfo"><div class="flagWrap "><span class="flag rTxt">마트직송</span></div></div><div class="detailInfo"><a href="https://mfront.homeplus.co.kr/item?itemNo=127468900&amp;storeType=HYPER" class="productTitle"><p class="css-xktqki">해태 구운감자 슬림 240G</p></a><div class="priceWrap"><div class="price"><strong class="priceValue">3,990</strong><span class="priceWon">원</span> </div></div><div class="priceQty">10G당 <span> 166.3</span>원</div><div class="prodScoreWrap"><span class="score" title="평점">4.7</span><span class="reviewCnt" title="리뷰 갯수">/3,995</span><span class="saleCount">4,256</span></div></div></div></div>  <div class="unitItem typeA    css-bimbqe" data-doc-id="H070530769N37O0"><div class="thumbWrap "><div class="thumb"><button type="button" class="btnThumb"><div class="thumbImg"><span class=" lazy-load-image-background " style="display: block; width: 100%; height: 100%; background:  0% 0% / 50% rgb(238, 238, 238);"><span class="" style="display: inline-block;"></span></span></div></button><div class="btnProdCart css-213czk"><button type="button" class="shadow"><span class="css-o9vq2t">장바구니담기</span></button></div></div></div><div class="detailInfoWrap "><div class="simpleInfo"><div class="flagWrap "><span class="flag rTxt">마트직송</span></div></div><div class="detailInfo"><a href="https://mfront.homeplus.co.kr/item?itemNo=070530769&amp;storeType=HYPER" class="productTitle"><p class="css-xktqki">롯데 이지프로틴 감자칩 소금빵맛 50G</p></a><div class="priceWrap"><div class="price"><strong class="priceValue">1,990</strong><span class="priceWon">원</span> </div></div><div class="priceQty">10G당 <span> 398</span>원</div><div class="prodScoreWrap"><span class="score" title="평점">4.8</span><span class="reviewCnt" title="리뷰 갯수">/121</span><span class="saleCount">827</span></div></div></div></div>  <div class="unitItem typeA    css-bimbqe" data-doc-id="H069573156N37O0"><div class="thumbWrap "><div class="thumb"><button type="button" class="btnThumb"><div class="thumbImg"><span class=" lazy-load-image-background " style="display: block; width: 100%; height: 100%; background:  0% 0% / 50% rgb(238, 238, 238);"><span class="" style="display: inline-block;"></span></span></div></button><div class="btnProdCart css-213czk"><button type="button" class="shadow"><span class="css-o9vq2t">장바구니담기</span></button></div></div></div><div class="detailInfoWrap "><div class="simpleInfo"><div class="flagWrap "><span class="flag rTxt">마트직송</span><div class="flag event">행사상품</div></div></div><div class="detailInfo"><a href="https://mfront.homeplus.co.kr/item?itemNo=069573156&amp;storeType=HYPER" class="productTitle"><p class="css-xktqki">홈플러스시그니처 감자칩 핫앤스파이시 110G</p></a><div class="priceWrap"><div class="price"><strong class="priceValue">1,250</strong><span class="priceWon">원</span> </div></div><div class="priceQty">10G당 <span> 113.6</span>원</div><div class="prodScoreWrap"><span class="score" title="평점">4.7</span><span class="reviewCnt" title="리뷰 갯수">/1,013</span><span class="saleCount">1,136</span></div></div></div></div>  <div class="unitItem typeA    css-bimbqe" data-doc-id="H069892289N37O0"><div class="thumbWrap "><div class="thumb"><button type="button" class="btnThumb"><div class="thumbImg"><span class=" lazy-load-image-background " style="display: block; width: 100%; height: 100%; background:  0% 0% / 50% rgb(238, 238, 238);"><span class="" style="display: inline-block;"></span></span></div></button><div class="btnProdCart css-213czk"><button type="button" class="shadow"><span class="css-o9vq2t">장바구니담기</span></button></div></div></div><div class="detailInfoWrap "><div class="simpleInfo"><div class="flagWrap "><span class="flag rTxt">마트직송</span><div class="flag event">1+1</div></div></div><div class="detailInfo"><p class="recomComment">간편식&amp;통조림 3만↑1만P</p><a href="https://mfront.homeplus.co.kr/item?itemNo=069892289&amp;storeType=HYPER" class="productTitle"><p class="css-xktqki">CJ 햇반 소프트밀 베이컨감자 크림수프 180G</p></a><div class="priceWrap"><div class="price"><strong class="priceValue">3,990</strong><span class="priceWon">원</span> </div></div><div class="priceQty">100G당 <span> 2,216.7</span>원</div><div class="prodScoreWrap"><span class="score" title="평점">4.8</span><span class="reviewCnt" title="리뷰 갯수">/201</span><span class="saleCount">165</span></div><div class="benefitListWrap"><div class="benefitList"><div class="benefitItem"><span class="benefitTit">마일리지</span><span class="benefitCont">10,000P</span></div></div><div class="sendBenefitFlag"></div></div><div class="btnProdMore"><button type="button" class="list-btn"><span>1+1 상품 골라담기</span></button></div></div></div></div>  <div class="unitItem typeA    css-bimbqe" data-doc-id="H070478710N37O0"><div class="thumbWrap "><div class="thumb"><button type="button" class="btnThumb"><div class="thumbImg"><span class=" lazy-load-image-background " style="display: block; width: 100%; height: 100%; background:  0% 0% / 50% rgb(238, 238, 238);"><span class="" style="display: inline-block;"></span></span></div></button><div class="btnProdCart css-213czk"><button type="button" class="shadow"><span class="css-o9vq2t">장바구니담기</span></button></div></div></div><div class="detailInfoWrap "><div class="simpleInfo"><div class="flagWrap "><span class="flag rTxt">마트직송</span></div></div><div class="detailInfo"><a href="https://mfront.homeplus.co.kr/item?itemNo=070478710&amp;storeType=HYPER" class="productTitle"><p class="css-xktqki">해태 가루비 감자칩 4번들 40G*4</p></a><div class="priceWrap"><div class="price"><strong class="priceValue">4,790</strong><span class="priceWon">원</span> </div></div><div class="priceQty">10G당 <span> 299.4</span>원</div><div class="prodScoreWrap"><span class="score" title="평점">4.8</span><span class="reviewCnt" title="리뷰 갯수">/252</span><span class="saleCount">585</span></div></div></div></div>  <div class="unitItem typeA    css-bimbqe" data-doc-id="H070530775N37O0"><div class="thumbWrap "><div class="thumb"><button type="button" class="btnThumb"><div class="thumbImg"><span class=" lazy-load-image-background " style="display: block; width: 100%; height: 100%; background:  0% 0% / 50% rgb(238, 238, 238);"><span class="" style="display: inline-block;"></span></span></div></button><div class="btnProdCart css-213czk"><button type="button" class="shadow"><span class="css-o9vq2t">장바구니담기</span></button></div></div></div><div class="detailInfoWrap "><div class="simpleInfo"><div class="flagWrap "><span class="flag rTxt">마트직송</span></div></div><div class="detailInfo"><a href="https://mfront.homeplus.co.kr/item?itemNo=070530775&amp;storeType=HYPER" class="productTitle"><p class="css-xktqki">롯데 이지프로틴 감자칩 매콤치즈맛 50G</p></a><div class="priceWrap"><div class="price"><strong class="priceValue">1,990</strong><span class="priceWon">원</span> </div></div><div class="priceQty">10G당 <span> 398</span>원</div><div class="prodScoreWrap"><span class="score" title="평점">4.8</span><span class="reviewCnt" title="리뷰 갯수">/90</span><span class="saleCount">660</span></div></div></div></div>  <div class="unitItem typeA    css-bimbqe" data-doc-id="H064067589N37O0"><div class="thumbWrap "><div class="thumb"><button type="button" class="btnThumb"><div class="thumbImg"><span class=" lazy-load-image-background " style="display: block; width: 100%; height: 100%; background:  0% 0% / 50% rgb(238, 238, 238);"><span class="" style="display: inline-block;"></span></span></div></button><div class="btnProdCart css-213czk"><button type="button" class="shadow"><span class="css-o9vq2t">장바구니담기</span></button></div></div></div><div class="detailInfoWrap "><div class="simpleInfo"><div class="flagWrap "><span class="flag rTxt">마트직송</span></div></div><div class="detailInfo"><a href="https://mfront.homeplus.co.kr/item?itemNo=064067589&amp;storeType=HYPER" class="productTitle"><p class="css-xktqki">아미카 트러플 감자칩 100G</p></a><div class="priceWrap"><div class="price"><strong class="priceValue">4,490</strong><span class="priceWon">원</span> </div></div><div class="priceQty">10G당 <span> 449</span>원</div><div class="prodScoreWrap"><span class="score" title="평점">4.9</span><span class="reviewCnt" title="리뷰 갯수">/8</span><span class="saleCount">142</span></div></div></div></div>  <div class="unitItem typeA    css-bimbqe" data-doc-id="H050002233N37O0"><div class="thumbWrap "><div class="thumb"><button type="button" class="btnThumb"><div class="thumbImg"><span class=" lazy-load-image-background " style="display: block; width: 100%; height: 100%; background:  0% 0% / 50% rgb(238, 238, 238);"><span class="" style="display: inline-block;"></span></span></div></button><div class="btnProdCart css-213czk"><button type="button" class="shadow"><span class="css-o9vq2t">장바구니담기</span></button></div></div></div><div class="detailInfoWrap "><div class="simpleInfo"><div class="flagWrap "><span class="flag rTxt">마트직송</span></div></div><div class="detailInfo"><a href="https://mfront.homeplus.co.kr/item?itemNo=050002233&amp;storeType=HYPER" class="productTitle"><p class="css-xktqki">감자 훠궈둔분(감자중국당면) 300G</p></a><div class="priceWrap"><div class="price"><strong class="priceValue">3,990</strong><span class="priceWon">원</span> </div></div><div class="priceQty">100G당 <span> 1,330</span>원</div><div class="prodScoreWrap"><span class="score" title="평점">4.7</span><span class="reviewCnt" title="리뷰 갯수">/326</span><span class="saleCount">154</span></div></div></div></div>  <div class="unitItem typeA    css-bimbqe" data-doc-id="H127692887N37O0"><div class="thumbWrap "><div class="thumb"><button type="button" class="btnThumb"><div class="thumbImg"><span class=" lazy-load-image-background " style="display: block; width: 100%; height: 100%; background:  0% 0% / 50% rgb(238, 238, 238);"><span class="" style="display: inline-block;"></span></span></div></button><div class="btnProdCart css-213czk"><button type="button" class="shadow"><span class="css-o9vq2t">장바구니담기</span></button></div></div></div><div class="detailInfoWrap "><div class="simpleInfo"><div class="flagWrap "><span class="flag rTxt">마트직송</span></div></div><div class="detailInfo"><a href="https://mfront.homeplus.co.kr/item?itemNo=127692887&amp;storeType=HYPER" class="productTitle"><p class="css-xktqki">오뚜기 초간편 감자전믹스 200G</p></a><div class="priceWrap"><div class="price"><strong class="priceValue">3,900</strong><span class="priceWon">원</span> </div></div><div class="priceQty">100G당 <span> 1,950</span>원</div><div class="prodScoreWrap"><span class="score" title="평점">4.8</span><span class="reviewCnt" title="리뷰 갯수">/819</span><span class="saleCount">132</span></div></div></div></div>  <div class="unitItem typeA    css-bimbqe" data-doc-id="H070375388N37O0"><div class="thumbWrap "><div class="thumb"><button type="button" class="btnThumb"><div class="thumbImg"><span class=" lazy-load-image-background " style="display: block; width: 100%; height: 100%; background:  0% 0% / 50% rgb(238, 238, 238);"><span class="" style="display: inline-block;"></span></span></div></button><div class="btnProdCart css-213czk"><button type="button" class="shadow"><span class="css-o9vq2t">장바구니담기</span></button></div></div></div><div class="detailInfoWrap "><div class="simpleInfo"><div class="flagWrap "><span class="flag rTxt">마트직송</span></div></div><div class="detailInfo"><a href="https://mfront.homeplus.co.kr/item?itemNo=070375388&amp;storeType=HYPER" class="productTitle"><p class="css-xktqki">동원 퀴진 크링클컷 냉동감자 650G</p></a><div class="priceWrap"><div class="price"><strong class="priceValue">9,990</strong><span class="priceWon">원</span> </div></div><div class="priceQty">100G당 <span> 1,536.9</span>원</div><div class="prodScoreWrap"><span class="score" title="평점">4.7</span><span class="reviewCnt" title="리뷰 갯수">/994</span><span class="saleCount">3,672</span></div></div></div></div>  <div class="unitItem typeA    css-bimbqe" data-doc-id="H070253210N37O0"><div class="thumbWrap "><div class="thumb"><button type="button" class="btnThumb"><div class="thumbImg"><span class=" lazy-load-image-background " style="display: block; width: 100%; height: 100%; background:  0% 0% / 50% rgb(238, 238, 238);"><span class="" style="display: inline-block;"></span></span></div></button><div class="btnProdCart css-213czk"><button type="button" class="shadow"><span class="css-o9vq2t">장바구니담기</span></button></div></div></div><div class="detailInfoWrap "><div class="simpleInfo"><div class="flagWrap "><span class="flag rTxt">마트직송</span></div></div><div class="detailInfo"><a href="https://mfront.homeplus.co.kr/item?itemNo=070253210&amp;storeType=HYPER" class="productTitle"><p class="css-xktqki">레이즈 씨위드 감자칩(김맛) 170G</p></a><div class="priceWrap"><div class="price"><strong class="priceValue">4,990</strong><span class="priceWon">원</span> </div></div><div class="priceQty">10G당 <span> 293.5</span>원</div><div class="prodScoreWrap"><span class="score" title="평점">4.7</span><span class="reviewCnt" title="리뷰 갯수">/140</span><span class="saleCount">184</span></div></div></div></div>  <div class="unitItem typeA    css-bimbqe" data-doc-id="H064067537N37O0"><div class="thumbWrap "><div class="thumb"><button type="button" class="btnThumb"><div class="thumbImg"><span class=" lazy-load-image-background " style="display: block; width: 100%; height: 100%; background:  0% 0% / 50% rgb(238, 238, 238);"><span class="" style="display: inline-block;"></span></span></div></button><div class="btnProdCart css-213czk"><button type="button" class="shadow"><span class="css-o9vq2t">장바구니담기</span></button></div></div></div><div class="detailInfoWrap "><div class="simpleInfo"><div class="flagWrap "><span class="flag rTxt">마트직송</span></div></div><div class="detailInfo"><a href="https://mfront.homeplus.co.kr/item?itemNo=064067537&amp;storeType=HYPER" class="productTitle"><p class="css-xktqki">아미카 엘도라다 올리브 감자칩 130G</p></a><div class="priceWrap"><div class="price"><strong class="priceValue">4,490</strong><span class="priceWon">원</span> </div></div><div class="priceQty">10G당 <span> 345.4</span>원</div><div class="prodScoreWrap"><span class="score" title="평점">4.5</span><span class="reviewCnt" title="리뷰 갯수">/69</span><span class="saleCount">299</span></div></div></div></div>  <div class="unitItem typeA    css-bimbqe" data-doc-id="H070587287N37O0"><div class="thumbWrap "><div class="thumb"><button type="button" class="btnThumb"><div class="thumbImg"><span class=" lazy-load-image-background " style="display: block; width: 100%; height: 100%; background:  0% 0% / 50% rgb(238, 238, 238);"><span class="" style="display: inline-block;"></span></span></div></button><div class="btnProdCart css-213czk"><button type="button" class="shadow"><span class="css-o9vq2t">장바구니담기</span></button></div></div></div><div class="detailInfoWrap "><div class="simpleInfo"><div class="flagWrap "><span class="flag rTxt">마트직송</span></div></div><div class="detailInfo"><a href="https://mfront.homeplus.co.kr/item?itemNo=070587287&amp;storeType=HYPER" class="productTitle"><p class="css-xktqki">테이터펍스 냉동감자 700G</p></a><div class="priceWrap"><div class="price"><strong class="priceValue">6,990</strong><span class="priceWon">원</span> </div></div><div class="priceQty">100G당 <span> 998.6</span>원</div><div class="prodScoreWrap"><span class="score" title="평점">4.5</span><span class="reviewCnt" title="리뷰 갯수">/21</span><span class="saleCount">155</span></div></div></div></div>  <div class="unitItem typeA    css-bimbqe" data-doc-id="H070108815N37O0"><div class="thumbWrap "><div class="thumb"><button type="button" class="btnThumb"><div class="thumbImg"><span class=" lazy-load-image-background " style="display: block; width: 100%; height: 100%; background:  0% 0% / 50% rgb(238, 238, 238);"><span class="" style="display: inline-block;"></span></span></div></button><div class="btnProdCart css-213czk"><button type="button" class="shadow"><span class="css-o9vq2t">장바구니담기</span></button></div></div></div><div class="detailInfoWrap "><div class="simpleInfo"><div class="flagWrap "><span class="flag rTxt">마트직송</span></div></div><div class="detailInfo"><a href="https://mfront.homeplus.co.kr/item?itemNo=070108815&amp;storeType=HYPER" class="productTitle"><p class="css-xktqki">풀무원 왕감자 통모짜 핫도그 360G</p></a><div class="priceWrap"><div class="price"><strong class="priceValue">9,990</strong><span class="priceWon">원</span> </div></div><div class="priceQty">100G당 <span> 2,775</span>원</div><div class="prodScoreWrap"><span class="score" title="평점">4.7</span><span class="reviewCnt" title="리뷰 갯수">/872</span><span class="saleCount">157</span></div></div></div></div>  <div class="unitItem typeA    css-bimbqe" data-doc-id="H124035467N37O0"><div class="thumbWrap "><div class="thumb"><button type="button" class="btnThumb"><div class="thumbImg"><span class=" lazy-load-image-background " style="display: block; width: 100%; height: 100%; background:  0% 0% / 50% rgb(238, 238, 238);"><span class="" style="display: inline-block;"></span></span></div></button><div class="btnProdCart css-213czk"><button type="button" class="shadow"><span class="css-o9vq2t">장바구니담기</span></button></div></div></div><div class="detailInfoWrap "><div class="simpleInfo"><div class="flagWrap "><span class="flag rTxt">마트직송</span></div></div><div class="detailInfo"><a href="https://mfront.homeplus.co.kr/item?itemNo=124035467&amp;storeType=HYPER" class="productTitle"><p class="css-xktqki">해태 허니버터 감자칩 120G</p></a><div class="priceWrap"><div class="price"><strong class="priceValue">2,720</strong><span class="priceWon">원</span> </div></div><div class="priceQty">10G당 <span> 226.7</span>원</div><div class="prodScoreWrap"><span class="score" title="평점">4.9</span><span class="reviewCnt" title="리뷰 갯수">/2,351</span><span class="saleCount">226</span></div></div></div></div>  <div class="unitItem typeA    css-bimbqe" data-doc-id="H070243850N37O0"><div class="thumbWrap "><div class="thumb"><button type="button" class="btnThumb"><div class="thumbImg"><span class=" lazy-load-image-background " style="display: block; width: 100%; height: 100%; background:  0% 0% / 50% rgb(238, 238, 238);"><span class="" style="display: inline-block;"></span></span></div></button><div class="btnProdCart css-213czk"><button type="button" class="shadow"><span class="css-o9vq2t">장바구니담기</span></button></div></div></div><div class="detailInfoWrap "><div class="simpleInfo"><div class="flagWrap "><span class="flag rTxt">마트직송</span></div></div><div class="detailInfo"><a href="https://mfront.homeplus.co.kr/item?itemNo=070243850&amp;storeType=HYPER" class="productTitle"><p class="css-xktqki">회오리 감자 350G</p></a><div class="priceWrap"><div class="price"><strong class="priceValue">9,990</strong><span class="priceWon">원</span> </div></div><div class="priceQty">100G당 <span> 2,854.3</span>원</div><div class="prodScoreWrap"><span class="score" title="평점">4.7</span><span class="reviewCnt" title="리뷰 갯수">/650</span><span class="saleCount">84</span></div></div></div></div>  <div class="unitItem typeA    css-bimbqe" data-doc-id="H068973443N37O0"><div class="thumbWrap "><div class="thumb"><button type="button" class="btnThumb"><div class="thumbImg"><span class=" lazy-load-image-background " style="display: block; width: 100%; height: 100%; background:  0% 0% / 50% rgb(238, 238, 238);"><span class="" style="display: inline-block;"></span></span></div></button><div class="btnProdCart css-213czk"><button type="button" class="shadow"><span class="css-o9vq2t">장바구니담기</span></button></div></div></div><div class="detailInfoWrap "><div class="simpleInfo"><div class="flagWrap "><span class="flag rTxt">마트직송</span></div></div><div class="detailInfo"><a href="https://mfront.homeplus.co.kr/item?itemNo=068973443&amp;storeType=HYPER" class="productTitle"><p class="css-xktqki">돼지 감자 140G(통)</p></a><div class="priceWrap"><div class="price"><strong class="priceValue">4,990</strong><span class="priceWon">원</span> </div></div><div class="priceQty">100G당 <span> 3,564.3</span>원</div><div class="prodScoreWrap"><span class="score" title="평점">4.9</span><span class="reviewCnt" title="리뷰 갯수">/55</span><span class="saleCount">75</span></div></div></div></div>  <div class="unitItem typeA    css-bimbqe" data-doc-id="H070502135N37O0"><div class="thumbWrap "><div class="thumb"><button type="button" class="btnThumb"><div class="thumbImg"><span class=" lazy-load-image-background " style="display: block; width: 100%; height: 100%; background:  0% 0% / 50% rgb(238, 238, 238);"><span class="" style="display: inline-block;"></span></span></div></button><div class="btnProdCart css-213czk"><button type="button" class="shadow"><span class="css-o9vq2t">장바구니담기</span></button></div></div></div><div class="detailInfoWrap "><div class="simpleInfo"><div class="flagWrap "><span class="flag rTxt">마트직송</span></div></div><div class="detailInfo"><a href="https://mfront.homeplus.co.kr/item?itemNo=070502135&amp;storeType=HYPER" class="productTitle"><p class="css-xktqki">해태 구운감자 슬림 매콤한맛 240G</p></a><div class="priceWrap"><div class="price"><strong class="priceValue">4,490</strong><span class="priceWon">원</span> </div></div><div class="priceQty">10G당 <span> 187.1</span>원</div><div class="prodScoreWrap"><span class="score" title="평점">4.7</span><span class="reviewCnt" title="리뷰 갯수">/94</span><span class="saleCount">158</span></div></div></div></div>  <div class="unitItem typeA    css-bimbqe" data-doc-id="H070300777N37O0"><div class="thumbWrap "><div class="thumb"><button type="button" class="btnThumb"><div class="thumbImg"><span class=" lazy-load-image-background " style="display: block; width: 100%; height: 100%; background:  0% 0% / 50% rgb(238, 238, 238);"><span class="" style="display: inline-block;"></span></span></div></button><div class="btnProdCart css-213czk"><button type="button" class="shadow"><span class="css-o9vq2t">장바구니담기</span></button></div></div></div><div class="detailInfoWrap "><div class="simpleInfo"><div class="flagWrap "><span class="flag rTxt">마트직송</span></div></div><div class="detailInfo"><a href="https://mfront.homeplus.co.kr/item?itemNo=070300777&amp;storeType=HYPER" class="productTitle"><p class="css-xktqki">[밀키트] 감자옹심이 칼국수 562G</p></a><div class="priceWrap"><div class="price"><strong class="priceValue">11,900</strong><span class="priceWon">원</span> </div></div><div class="priceQty">100G당 <span> 2,117.4</span>원</div><div class="prodScoreWrap"><span class="score" title="평점">4.6</span><span class="reviewCnt" title="리뷰 갯수">/25</span><span class="saleCount">22</span></div></div></div></div>  <div class="unitItem typeA    css-bimbqe" data-doc-id="H069463469N37O0"><div class="thumbWrap "><div class="thumb"><button type="button" class="btnThumb"><div class="thumbImg"><span class=" lazy-load-image-background " style="display: block; width: 100%; height: 100%; background:  0% 0% / 50% rgb(238, 238, 238);"><span class="" style="display: inline-block;"></span></span></div></button><div class="btnProdCart css-213czk"><button type="button" class="shadow"><span class="css-o9vq2t">장바구니담기</span></button></div></div></div><div class="detailInfoWrap "><div class="simpleInfo"><div class="flagWrap "><span class="flag rTxt">마트직송</span></div></div><div class="detailInfo"><a href="https://mfront.homeplus.co.kr/item?itemNo=069463469&amp;storeType=HYPER" class="productTitle"><p class="css-xktqki">동원 퀴진 벌집 감자튀김 500G</p></a><div class="priceWrap"><div class="price"><strong class="priceValue">8,990</strong><span class="priceWon">원</span> </div></div><div class="priceQty">100G당 <span> 1,798</span>원</div><div class="prodScoreWrap"><span class="score" title="평점">4.5</span><span class="reviewCnt" title="리뷰 갯수">/203</span><span class="saleCount">274</span></div></div></div></div>  <div class="unitItem typeA    css-bimbqe" data-doc-id="H123288572N37O0"><div class="thumbWrap "><div class="thumb"><button type="button" class="btnThumb"><div class="thumbImg"><span class=" lazy-load-image-background " style="display: block; width: 100%; height: 100%; background:  0% 0% / 50% rgb(238, 238, 238);"><span class="" style="display: inline-block;"></span></span></div></button><div class="btnProdCart css-213czk"><button type="button" class="shadow"><span class="css-o9vq2t">장바구니담기</span></button></div></div></div><div class="detailInfoWrap "><div class="simpleInfo"><div class="flagWrap "><span class="flag rTxt">마트직송</span></div></div><div class="detailInfo"><a href="https://mfront.homeplus.co.kr/item?itemNo=123288572&amp;storeType=HYPER" class="productTitle"><p class="css-xktqki">한국마즈 시저 피쉬연어와 감자 100G*3</p></a><div class="priceWrap"><div class="price"><strong class="priceValue">6,200</strong><span class="priceWon">원</span> </div></div><div class="priceQty">100G당 <span> 2,066.7</span>원</div><div class="prodScoreWrap"><span class="score" title="평점">4.9</span><span class="reviewCnt" title="리뷰 갯수">/97</span><span class="saleCount">19</span></div></div></div></div>  <div class="unitItem typeA    css-bimbqe" data-doc-id="H069689473N37O0"><div class="thumbWrap "><div class="thumb"><button type="button" class="btnThumb"><div class="thumbImg"><span class=" lazy-load-image-background  lazy-load-image-loaded" style="display: block; width: 100%; height: 100%; background:  0% 0% / 50% rgb(238, 238, 238);"><img alt="삼립 크래프트 감자스프 198G" src="../../../../../Downloads/homeplus_files/069689473s0320"></span></div></button><div class="btnProdCart css-213czk"><button type="button" class="shadow"><span class="css-o9vq2t">장바구니담기</span></button></div></div></div><div class="detailInfoWrap "><div class="simpleInfo"><div class="flagWrap "><span class="flag rTxt">마트직송</span></div></div><div class="detailInfo"><a href="https://mfront.homeplus.co.kr/item?itemNo=069689473&amp;storeType=HYPER" class="productTitle"><p class="css-xktqki">삼립 크래프트 감자스프 198G</p></a><div class="priceWrap"><div class="price"><strong class="priceValue">3,490</strong><span class="priceWon">원</span> </div></div><div class="priceQty">100G당 <span> 1,762.6</span>원</div><div class="prodScoreWrap"><span class="score" title="평점">4.6</span><span class="reviewCnt" title="리뷰 갯수">/267</span><span class="saleCount">14</span></div></div></div></div>  <div class="unitItem typeA    css-bimbqe" data-doc-id="H069013882N37O0"><div class="thumbWrap "><div class="thumb"><button type="button" class="btnThumb"><div class="thumbImg"><span class=" lazy-load-image-background  lazy-load-image-loaded" style="display: block; width: 100%; height: 100%; background:  0% 0% / 50% rgb(238, 238, 238);"><img alt="시저 심플리 쇠고기 닭고기 자색감자 37G" src="../../../../../Downloads/homeplus_files/069013882s0320"></span></div></button><div class="btnProdCart css-213czk"><button type="button" class="shadow"><span class="css-o9vq2t">장바구니담기</span></button></div></div></div><div class="detailInfoWrap "><div class="simpleInfo"><div class="flagWrap "><span class="flag rTxt">마트직송</span><div class="flag event">행사상품</div></div></div><div class="detailInfo"><a href="https://mfront.homeplus.co.kr/item?itemNo=069013882&amp;storeType=HYPER" class="productTitle"><p class="css-xktqki">시저 심플리 쇠고기 닭고기 자색감자 37G</p></a><div class="priceWrap"><div class="orgPrice"><strong class="priceValue">3,000</strong><div class="tooltipWrap"><div class="UnitItemTooltip  css-1hb0my4"><div class="tooltipBox"><div class="tooltipInner"><button type="button" class="tooltipClose"><span class="css-o9vq2t">닫기</span></button><div><div class="priceTable"><dl class="row"><dt>판매가</dt><dd><strong>3,000</strong>원</dd></dl><dl class="row lastRow"><dt>할인가</dt><dd><strong>2,100</strong>원</dd></dl></div></div></div></div></div></div></div><div class="discountEmphasis"><strong class="discountRate">30%</strong></div><div class="price"><strong class="priceValue">2,100</strong><span class="priceWon">원</span> </div></div><div class="priceQty">10G당 <span> 567.6</span>원</div><div class="prodScoreWrap"><span class="score" title="평점">4.7</span><span class="reviewCnt" title="리뷰 갯수">/12</span><span class="saleCount">13</span></div></div></div></div>  <div class="unitItem typeA    css-bimbqe" data-doc-id="H069013866N37O0"><div class="thumbWrap "><div class="thumb"><button type="button" class="btnThumb"><div class="thumbImg"><span class=" lazy-load-image-background  lazy-load-image-loaded" style="display: block; width: 100%; height: 100%; background:  0% 0% / 50% rgb(238, 238, 238);"><img alt="시저 심플리 닭고기 당근 감자 37G" src="../../../../../Downloads/homeplus_files/069013866s0320"></span></div></button><div class="btnProdCart css-213czk"><button type="button" class="shadow"><span class="css-o9vq2t">장바구니담기</span></button></div></div></div><div class="detailInfoWrap "><div class="simpleInfo"><div class="flagWrap "><span class="flag rTxt">마트직송</span><div class="flag event">행사상품</div></div></div><div class="detailInfo"><a href="https://mfront.homeplus.co.kr/item?itemNo=069013866&amp;storeType=HYPER" class="productTitle"><p class="css-xktqki">시저 심플리 닭고기 당근 감자 37G</p></a><div class="priceWrap"><div class="orgPrice"><strong class="priceValue">3,000</strong><div class="tooltipWrap"><div class="UnitItemTooltip  css-1hb0my4"><div class="tooltipBox"><div class="tooltipInner"><button type="button" class="tooltipClose"><span class="css-o9vq2t">닫기</span></button><div><div class="priceTable"><dl class="row"><dt>판매가</dt><dd><strong>3,000</strong>원</dd></dl><dl class="row lastRow"><dt>할인가</dt><dd><strong>2,100</strong>원</dd></dl></div></div></div></div></div></div></div><div class="discountEmphasis"><strong class="discountRate">30%</strong></div><div class="price"><strong class="priceValue">2,100</strong><span class="priceWon">원</span> </div></div><div class="priceQty">10G당 <span> 567.6</span>원</div><div class="prodScoreWrap"><span class="score" title="평점">4.9</span><span class="reviewCnt" title="리뷰 갯수">/11</span></div></div></div></div>  <div class="unitItem typeA    css-bimbqe" data-doc-id="H052613273N37O0"><div class="thumbWrap "><div class="thumb"><button type="button" class="btnThumb"><div class="thumbImg"><span class=" lazy-load-image-background  lazy-load-image-loaded" style="display: block; width: 100%; height: 100%; background:  0% 0% / 50% rgb(238, 238, 238);"><img alt="심플 감자 으깨기" src="../../../../../Downloads/homeplus_files/052613273s0320"></span></div></button><div class="btnProdCart css-213czk"><button type="button" class="shadow"><span class="css-o9vq2t">장바구니담기</span></button></div></div></div><div class="detailInfoWrap "><div class="simpleInfo"><div class="flagWrap "><span class="flag rTxt">마트직송</span></div></div><div class="detailInfo"><a href="https://mfront.homeplus.co.kr/item?itemNo=052613273&amp;storeType=HYPER" class="productTitle"><p class="css-xktqki">심플 감자 으깨기</p></a><div class="priceWrap"><div class="price"><strong class="priceValue">8,990</strong><span class="priceWon">원</span> </div></div><div class="prodScoreWrap"><span class="score" title="평점">4.7</span><span class="reviewCnt" title="리뷰 갯수">/58</span><span class="saleCount">14</span></div></div></div></div>  <div class="unitItem typeA    css-bimbqe" data-doc-id="H138893431N37O0"><div class="thumbWrap "><div class="thumb"><button type="button" class="btnThumb"><div class="thumbImg"><span class=" lazy-load-image-background " style="display: block; width: 100%; height: 100%; background:  0% 0% / 50% rgb(238, 238, 238);"><span class="" style="display: inline-block;"></span></span></div></button><div class="btnProdCart css-213czk"><button type="button" class="shadow"><span class="css-o9vq2t">장바구니담기</span></button></div></div></div><div class="detailInfoWrap "><div class="simpleInfo"><div class="flagWrap "><span class="flag rTxt">마트직송</span><div class="flag event">함께할인</div></div></div><div class="detailInfo"><p class="recomComment">2개↑50%할인</p><a href="https://mfront.homeplus.co.kr/item?itemNo=138893431&amp;storeType=HYPER" class="productTitle"><p class="css-xktqki">씨제이 고메 포테이토 치즈 핫도그 400G</p></a><div class="priceWrap"><div class="price"><strong class="priceValue">9,990</strong><span class="priceWon">원</span> </div></div><div class="priceQty">100G당 <span> 2,497.5</span>원</div><div class="prodScoreWrap"><span class="score" title="평점">4.7</span><span class="reviewCnt" title="리뷰 갯수">/1,767</span><span class="saleCount">3,411</span></div><div class="btnProdMore"><button type="button" class="list-btn"><span>함께할인 상품선택</span></button></div></div></div></div>  <div class="unitItem typeA    css-bimbqe" data-doc-id="H069424205N37O0"><div class="thumbWrap "><div class="thumb"><button type="button" class="btnThumb"><div class="thumbImg"><span class=" lazy-load-image-background " style="display: block; width: 100%; height: 100%; background:  0% 0% / 50% rgb(238, 238, 238);"><span class="" style="display: inline-block;"></span></span></div></button><div class="btnProdCart css-213czk"><button type="button" class="shadow"><span class="css-o9vq2t">장바구니담기</span></button></div></div></div><div class="detailInfoWrap "><div class="simpleInfo"><div class="flagWrap "><span class="flag rTxt">마트직송</span><div class="flag event">1+1</div></div></div><div class="detailInfo"><a href="https://mfront.homeplus.co.kr/item?itemNo=069424205&amp;storeType=HYPER" class="productTitle"><p class="css-xktqki">풀무원 노엣지피자 스위트포테이토&amp;콘 365G</p></a><div class="priceWrap"><div class="price"><strong class="priceValue">9,990</strong><span class="priceWon">원</span> </div></div><div class="priceQty">100G당 <span> 2,737</span>원</div><div class="prodScoreWrap"><span class="score" title="평점">4.7</span><span class="reviewCnt" title="리뷰 갯수">/4,182</span><span class="saleCount">3,382</span></div><div class="btnProdMore"><button type="button" class="list-btn"><span>1+1 상품 골라담기</span></button></div></div></div></div>  <div class="unitItem typeA    css-bimbqe" data-doc-id="H052244231N37O0"><div class="thumbWrap "><div class="thumb"><button type="button" class="btnThumb"><div class="thumbImg"><span class=" lazy-load-image-background " style="display: block; width: 100%; height: 100%; background:  0% 0% / 50% rgb(238, 238, 238);"><span class="" style="display: inline-block;"></span></span></div></button><div class="btnProdCart css-213czk"><button type="button" class="shadow"><span class="css-o9vq2t">장바구니담기</span></button></div></div></div><div class="detailInfoWrap "><div class="simpleInfo"><div class="flagWrap "><span class="flag rTxt">마트직송</span><div class="flag event">1+1</div></div></div><div class="detailInfo"><p class="recomComment">간편식&amp;통조림 3만↑1만P</p><a href="https://mfront.homeplus.co.kr/item?itemNo=052244231&amp;storeType=HYPER" class="productTitle"><p class="css-xktqki">폰타나 크리미 포테이토 치즈스프  전자레인지용 180G </p></a><div class="priceWrap"><div class="price"><strong class="priceValue">2,990</strong><span class="priceWon">원</span> </div></div><div class="priceQty">100G당 <span> 1,661.1</span>원</div><div class="prodScoreWrap"><span class="score" title="평점">4.7</span><span class="reviewCnt" title="리뷰 갯수">/3,382</span><span class="saleCount">1,255</span></div><div class="benefitListWrap"><div class="benefitList"><div class="benefitItem"><span class="benefitTit">마일리지</span><span class="benefitCont">10,000P</span></div></div><div class="sendBenefitFlag"></div></div><div class="btnProdMore"><button type="button" class="list-btn"><span>1+1 상품 골라담기</span></button></div></div></div></div>  <div class="unitItem typeA    css-bimbqe" data-doc-id="H126428276N37O0"><div class="thumbWrap "><div class="thumb"><button type="button" class="btnThumb"><div class="thumbImg"><span class=" lazy-load-image-background " style="display: block; width: 100%; height: 100%; background:  0% 0% / 50% rgb(238, 238, 238);"><span class="" style="display: inline-block;"></span></span></div></button><div class="btnProdCart css-213czk"><button type="button" class="shadow"><span class="css-o9vq2t">장바구니담기</span></button></div></div></div><div class="detailInfoWrap "><div class="simpleInfo"><div class="flagWrap "><span class="flag rTxt">마트직송</span></div></div><div class="detailInfo"><a href="https://mfront.homeplus.co.kr/item?itemNo=126428276&amp;storeType=HYPER" class="productTitle"><p class="css-xktqki">포테이토크리스프 사워크림향 780G</p></a><div class="priceWrap"><div class="price"><strong class="priceValue">7,490</strong><span class="priceWon">원</span> </div></div><div class="priceQty">10G당 <span> 96</span>원</div><div class="prodScoreWrap"><span class="score" title="평점">4.9</span><span class="reviewCnt" title="리뷰 갯수">/4,634</span><span class="saleCount">387</span></div></div></div></div>  <div class="unitItem typeA    css-bimbqe" data-doc-id="H070001503N37O0"><div class="thumbWrap "><div class="thumb"><button type="button" class="btnThumb"><div class="thumbImg"><span class=" lazy-load-image-background " style="display: block; width: 100%; height: 100%; background:  0% 0% / 50% rgb(238, 238, 238);"><span class="" style="display: inline-block;"></span></span></div></button><div class="btnProdCart css-213czk"><button type="button" class="shadow"><span class="css-o9vq2t">장바구니담기</span></button></div></div></div><div class="detailInfoWrap "><div class="simpleInfo"><div class="flagWrap "><span class="flag rTxt">마트직송</span></div></div><div class="detailInfo"><a href="https://mfront.homeplus.co.kr/item?itemNo=070001503&amp;storeType=HYPER" class="productTitle"><p class="css-xktqki">[몽블랑제]포테이토 치즈 베이글 (1입)</p></a><div class="priceWrap"><div class="price"><strong class="priceValue">4,900</strong><span class="priceWon">원</span> </div></div><div class="prodScoreWrap"><span class="score" title="평점">4.7</span><span class="reviewCnt" title="리뷰 갯수">/37</span><span class="saleCount">50</span></div></div></div></div>  <div class="unitItem typeA    css-bimbqe" data-doc-id="H068714630N37O0"><div class="thumbWrap "><div class="thumb"><button type="button" class="btnThumb"><div class="thumbImg"><span class=" lazy-load-image-background " style="display: block; width: 100%; height: 100%; background:  0% 0% / 50% rgb(238, 238, 238);"><span class="" style="display: inline-block;"></span></span></div></button><div class="btnProdCart css-213czk"><button type="button" class="shadow"><span class="css-o9vq2t">장바구니담기</span></button></div></div></div><div class="detailInfoWrap "><div class="simpleInfo"><div class="flagWrap "><span class="flag rTxt">마트직송</span></div></div><div class="detailInfo"><a href="https://mfront.homeplus.co.kr/item?itemNo=068714630&amp;storeType=HYPER" class="productTitle"><p class="css-xktqki">풀무원 베이컨 에그 포테이토 샐러드 200G</p></a><div class="priceWrap"><div class="price"><strong class="priceValue">3,490</strong><span class="priceWon">원</span> </div></div><div class="priceQty">100G당 <span> 1,745</span>원</div><div class="prodScoreWrap"><span class="score" title="평점">4.6</span><span class="reviewCnt" title="리뷰 갯수">/638</span><span class="saleCount">202</span></div></div></div></div>  <div class="unitItem typeA    css-bimbqe" data-doc-id="H126428265N37O0"><div class="thumbWrap "><div class="thumb"><button type="button" class="btnThumb"><div class="thumbImg"><span class=" lazy-load-image-background " style="display: block; width: 100%; height: 100%; background:  0% 0% / 50% rgb(238, 238, 238);"><span class="" style="display: inline-block;"></span></span></div></button><div class="btnProdCart css-213czk"><button type="button" class="shadow"><span class="css-o9vq2t">장바구니담기</span></button></div></div></div><div class="detailInfoWrap "><div class="simpleInfo"><div class="flagWrap "><span class="flag rTxt">마트직송</span></div></div><div class="detailInfo"><a href="https://mfront.homeplus.co.kr/item?itemNo=126428265&amp;storeType=HYPER" class="productTitle"><p class="css-xktqki">포테이토크리스프 바베큐맛 780G</p></a><div class="priceWrap"><div class="price"><strong class="priceValue">7,490</strong><span class="priceWon">원</span> </div></div><div class="priceQty">10G당 <span> 96</span>원</div><div class="prodScoreWrap"><span class="score" title="평점">4.9</span><span class="reviewCnt" title="리뷰 갯수">/4,276</span><span class="saleCount">326</span></div></div></div></div>  <div class="unitItem typeA    css-bimbqe" data-doc-id="H070686129N37O0"><div class="thumbWrap "><div class="thumb"><button type="button" class="btnThumb"><div class="thumbImg"><span class=" lazy-load-image-background  lazy-load-image-loaded" style="display: block; width: 100%; height: 100%; background:  0% 0% / 50% rgb(238, 238, 238);"><img alt="헌터스 블랙트러플 포테이토칩 150G " src="../../../../../Downloads/homeplus_files/070686129s0320"></span></div></button><div class="btnProdCart css-213czk"><button type="button" class="shadow"><span class="css-o9vq2t">장바구니담기</span></button></div></div></div><div class="detailInfoWrap "><div class="simpleInfo"><div class="flagWrap "><span class="flag rTxt">마트직송</span></div></div><div class="detailInfo"><a href="https://mfront.homeplus.co.kr/item?itemNo=070686129&amp;storeType=HYPER" class="productTitle"><p class="css-xktqki">헌터스 블랙트러플 포테이토칩 150G </p></a><div class="priceWrap"><div class="price"><strong class="priceValue">7,990</strong><span class="priceWon">원</span> </div></div><div class="priceQty">10G당 <span> 532.7</span>원</div></div></div></div>  <div class="unitItem typeA    css-bimbqe" data-doc-id="H070006072N37O0"><div class="thumbWrap "><div class="thumb"><button type="button" class="btnThumb"><div class="thumbImg"><span class=" lazy-load-image-background  lazy-load-image-loaded" style="display: block; width: 100%; height: 100%; background:  0% 0% / 50% rgb(238, 238, 238);"><img alt="헌터스 화이트트러플 앤 포르치니 포테이토칩 150G" src="../../../../../Downloads/homeplus_files/070006072s0320"></span></div></button><div class="btnProdCart css-213czk"><button type="button" class="shadow"><span class="css-o9vq2t">장바구니담기</span></button></div></div></div><div class="detailInfoWrap "><div class="simpleInfo"><div class="flagWrap "><span class="flag rTxt">마트직송</span></div></div><div class="detailInfo"><a href="https://mfront.homeplus.co.kr/item?itemNo=070006072&amp;storeType=HYPER" class="productTitle"><p class="css-xktqki">헌터스 화이트트러플 앤 포르치니 포테이토칩 150G</p></a><div class="priceWrap"><div class="price"><strong class="priceValue">7,990</strong><span class="priceWon">원</span> </div></div><div class="priceQty">10G당 <span> 532.7</span>원</div><div class="prodScoreWrap"><span class="score" title="평점">5.0</span><span class="reviewCnt" title="리뷰 갯수">/1</span></div></div></div></div>  <div class="unitItem typeA    css-bimbqe" data-doc-id="H069695344N37O0"><div class="thumbWrap "><div class="thumb"><button type="button" class="btnThumb"><div class="thumbImg"><span class=" lazy-load-image-background  lazy-load-image-loaded" style="display: block; width: 100%; height: 100%; background:  0% 0% / 50% rgb(238, 238, 238);"><img alt="풀무원 브런치수프 베이컨 포테이토크림수프 180G" src="../../../../../Downloads/homeplus_files/069695344s0320"></span></div></button><div class="btnProdCart css-213czk"><button type="button" class="shadow"><span class="css-o9vq2t">장바구니담기</span></button></div></div></div><div class="detailInfoWrap "><div class="simpleInfo"><div class="flagWrap "><span class="flag rTxt">마트직송</span></div></div><div class="detailInfo"><a href="https://mfront.homeplus.co.kr/item?itemNo=069695344&amp;storeType=HYPER" class="productTitle"><p class="css-xktqki">풀무원 브런치수프 베이컨 포테이토크림수프 180G</p></a><div class="priceWrap"><div class="price"><strong class="priceValue">2,990</strong><span class="priceWon">원</span> </div></div><div class="priceQty">100G당 <span> 1,661.1</span>원</div><div class="prodScoreWrap"><span class="score" title="평점">4.7</span><span class="reviewCnt" title="리뷰 갯수">/295</span><span class="saleCount">44</span></div></div></div></div>  <div class="unitItem typeA    css-bimbqe" data-doc-id="H000055158N37O0"><div class="thumbWrap "><div class="thumb"><button type="button" class="btnThumb"><div class="thumbImg"><span class=" lazy-load-image-background  lazy-load-image-loaded" style="display: block; width: 100%; height: 100%; background:  0% 0% / 50% rgb(238, 238, 238);"><img alt="오뚜기 케찹 500G" src="../../../../../Downloads/homeplus_files/000055158s0320"></span></div></button><div class="btnProdCart css-213czk"><button type="button" class="shadow"><span class="css-o9vq2t">장바구니담기</span></button></div></div></div><div class="detailInfoWrap "><div class="simpleInfo"><div class="flagWrap "><span class="flag rTxt">마트직송</span><div class="flag event">1+1</div></div></div><div class="detailInfo"><a href="https://mfront.homeplus.co.kr/item?itemNo=000055158&amp;storeType=HYPER" class="productTitle"><p class="css-xktqki">오뚜기 케찹 500G</p></a><div class="priceWrap"><div class="price"><strong class="priceValue">3,480</strong><span class="priceWon">원</span> </div></div><div class="priceQty">100G당 <span> 696</span>원</div><div class="prodScoreWrap"><span class="score" title="평점">4.9</span><span class="reviewCnt" title="리뷰 갯수">/15,667</span><span class="saleCount">7,773</span></div><div class="btnProdMore"><button type="button" class="list-btn"><span>1+1 상품 골라담기</span></button></div></div></div></div>  <div class="unitItem typeA    css-bimbqe" data-doc-id="H123212720N37O0"><div class="thumbWrap "><div class="thumb"><button type="button" class="btnThumb"><div class="thumbImg"><span class=" lazy-load-image-background " style="display: block; width: 100%; height: 100%; background:  0% 0% / 50% rgb(238, 238, 238);"><span class="" style="display: inline-block;"></span></span></div></button><div class="btnProdCart css-213czk"><button type="button" class="shadow"><span class="css-o9vq2t">장바구니담기</span></button></div></div></div><div class="detailInfoWrap "><div class="simpleInfo"><div class="flagWrap "><span class="flag rTxt">마트직송</span><div class="flag event">함께할인</div></div></div><div class="detailInfo"><p class="recomComment">5개 구매시 5천원</p><a href="https://mfront.homeplus.co.kr/item?itemNo=123212720&amp;storeType=HYPER" class="productTitle"><p class="css-xktqki">농심 포스틱 84G</p></a><div class="priceWrap"><div class="price"><strong class="priceValue">1,360</strong><span class="priceWon">원</span> </div></div><div class="priceQty">10G당 <span> 161.9</span>원</div><div class="prodScoreWrap"><span class="score" title="평점">4.8</span><span class="reviewCnt" title="리뷰 갯수">/17,021</span><span class="saleCount">9,404</span></div><div class="btnProdMore"><button type="button" class="list-btn"><span>함께할인 상품선택</span></button></div></div></div></div>  <div class="unitItem typeA    css-bimbqe" data-doc-id="H069896803N37O0"><div class="thumbWrap "><div class="thumb"><button type="button" class="btnThumb"><div class="thumbImg"><span class=" lazy-load-image-background " style="display: block; width: 100%; height: 100%; background:  0% 0% / 50% rgb(238, 238, 238);"><span class="" style="display: inline-block;"></span></span></div></button><div class="btnProdCart css-213czk"><button type="button" class="shadow"><span class="css-o9vq2t">장바구니담기</span></button></div></div></div><div class="detailInfoWrap "><div class="simpleInfo"><div class="flagWrap "><span class="flag rTxt">마트직송</span><div class="flag event">함께할인</div></div></div><div class="detailInfo"><p class="recomComment">5개 구매시 5천원</p><a href="https://mfront.homeplus.co.kr/item?itemNo=069896803&amp;storeType=HYPER" class="productTitle"><p class="css-xktqki">농심 먹태깡 청양마요맛 60G</p></a><div class="priceWrap"><div class="price"><strong class="priceValue">1,360</strong><span class="priceWon">원</span> </div></div><div class="priceQty">10G당 <span> 226.7</span>원</div><div class="prodScoreWrap"><span class="score" title="평점">4.8</span><span class="reviewCnt" title="리뷰 갯수">/3,202</span><span class="saleCount">12,202</span></div><div class="btnProdMore"><button type="button" class="list-btn"><span>함께할인 상품선택</span></button></div></div></div></div>  <div class="unitItem typeA    css-bimbqe" data-doc-id="H070629319N37O0"><div class="thumbWrap "><div class="thumb"><button type="button" class="btnThumb"><div class="thumbImg"><span class=" lazy-load-image-background " style="display: block; width: 100%; height: 100%; background:  0% 0% / 50% rgb(238, 238, 238);"><span class="" style="display: inline-block;"></span></span></div></button><div class="btnProdCart css-213czk"><button type="button" class="shadow"><span class="css-o9vq2t">장바구니담기</span></button></div></div></div><div class="detailInfoWrap "><div class="simpleInfo"><div class="flagWrap "><span class="flag rTxt">마트직송</span><div class="flag event">함께할인</div></div></div><div class="detailInfo"><p class="recomComment">10개 구매시 9,900원</p><a href="https://mfront.homeplus.co.kr/item?itemNo=070629319&amp;storeType=HYPER" class="productTitle"><p class="css-xktqki">오리온 포카칩 오리지널 50G</p></a><div class="priceWrap"><div class="price"><strong class="priceValue">1,190</strong><span class="priceWon">원</span> </div></div><div class="priceQty">10G당 <span> 238</span>원</div><div class="prodScoreWrap"><span class="score" title="평점">4.8</span><span class="reviewCnt" title="리뷰 갯수">/4,576</span><span class="saleCount">49,480</span></div><div class="btnProdMore"><button type="button" class="list-btn"><span>함께할인 상품선택</span></button></div></div></div></div>  <div class="unitItem typeA    css-bimbqe" data-doc-id="H070629325N37O0"><div class="thumbWrap "><div class="thumb"><button type="button" class="btnThumb"><div class="thumbImg"><span class=" lazy-load-image-background " style="display: block; width: 100%; height: 100%; background:  0% 0% / 50% rgb(238, 238, 238);"><span class="" style="display: inline-block;"></span></span></div></button><div class="btnProdCart css-213czk"><button type="button" class="shadow"><span class="css-o9vq2t">장바구니담기</span></button></div></div></div><div class="detailInfoWrap "><div class="simpleInfo"><div class="flagWrap "><span class="flag rTxt">마트직송</span><div class="flag event">함께할인</div></div></div><div class="detailInfo"><p class="recomComment">10개 구매시 9,900원</p><a href="https://mfront.homeplus.co.kr/item?itemNo=070629325&amp;storeType=HYPER" class="productTitle"><p class="css-xktqki">오리온 포카칩 어니언 50G</p></a><div class="priceWrap"><div class="price"><strong class="priceValue">1,190</strong><span class="priceWon">원</span> </div></div><div class="priceQty">10G당 <span> 238</span>원</div><div class="prodScoreWrap"><span class="score" title="평점">4.9</span><span class="reviewCnt" title="리뷰 갯수">/2,977</span><span class="saleCount">31,495</span></div><div class="btnProdMore"><button type="button" class="list-btn"><span>함께할인 상품선택</span></button></div></div></div></div>  <div class="unitItem typeA    css-bimbqe" data-doc-id="H069090846N37O0"><div class="thumbWrap "><div class="thumb"><button type="button" class="btnThumb"><div class="thumbImg"><span class=" lazy-load-image-background " style="display: block; width: 100%; height: 100%; background:  0% 0% / 50% rgb(238, 238, 238);"><span class="" style="display: inline-block;"></span></span></div></button><div class="btnProdCart css-213czk"><button type="button" class="shadow"><span class="css-o9vq2t">장바구니담기</span></button></div></div></div><div class="detailInfoWrap "><div class="simpleInfo"><div class="flagWrap "><span class="flag rTxt">마트직송</span><div class="flag event">함께할인</div></div></div><div class="detailInfo"><p class="recomComment">10개 구매시 9,900원</p><a href="https://mfront.homeplus.co.kr/item?itemNo=069090846&amp;storeType=HYPER" class="productTitle"><p class="css-xktqki">해태 허니버터칩 44G</p></a><div class="priceWrap"><div class="price"><strong class="priceValue">1,190</strong><span class="priceWon">원</span> </div></div><div class="priceQty">10G당 <span> 270.5</span>원</div><div class="prodScoreWrap"><span class="score" title="평점">4.8</span><span class="reviewCnt" title="리뷰 갯수">/30,530</span><span class="saleCount">53,740</span></div><div class="btnProdMore"><button type="button" class="list-btn"><span>함께할인 상품선택</span></button></div></div></div></div>  <div class="unitItem typeA    css-bimbqe" data-doc-id="H070712981N37O0"><div class="thumbWrap "><div class="thumb"><button type="button" class="btnThumb"><div class="thumbImg"><span class=" lazy-load-image-background " style="display: block; width: 100%; height: 100%; background:  0% 0% / 50% rgb(238, 238, 238);"><span class="" style="display: inline-block;"></span></span></div></button><div class="btnProdCart css-213czk"><button type="button" class="shadow"><span class="css-o9vq2t">장바구니담기</span></button></div></div></div><div class="detailInfoWrap "><div class="simpleInfo"><div class="flagWrap "><span class="flag rTxt">마트직송</span><div class="flag event">함께할인</div><div class="flag event">신상품</div></div></div><div class="detailInfo"><p class="recomComment">5개 구매시 5천원</p><a href="https://mfront.homeplus.co.kr/item?itemNo=070712981&amp;storeType=HYPER" class="productTitle"><p class="css-xktqki">농심 포테토칩 올디스타코맛 50G</p></a><div class="priceWrap"><div class="price"><strong class="priceValue">1,360</strong><span class="priceWon">원</span> </div></div><div class="priceQty">10G당 <span> 272</span>원</div><div class="prodScoreWrap"><span class="score" title="평점">4.7</span><span class="reviewCnt" title="리뷰 갯수">/191</span><span class="saleCount">4,187</span></div><div class="btnProdMore"><button type="button" class="list-btn"><span>함께할인 상품선택</span></button></div></div></div></div>  <div class="unitItem typeA    css-bimbqe" data-doc-id="H070629331N37O0"><div class="thumbWrap "><div class="thumb"><button type="button" class="btnThumb"><div class="thumbImg"><span class=" lazy-load-image-background " style="display: block; width: 100%; height: 100%; background:  0% 0% / 50% rgb(238, 238, 238);"><span class="" style="display: inline-block;"></span></span></div></button><div class="btnProdCart css-213czk"><button type="button" class="shadow"><span class="css-o9vq2t">장바구니담기</span></button></div></div></div><div class="detailInfoWrap "><div class="simpleInfo"><div class="flagWrap "><span class="flag rTxt">마트직송</span><div class="flag event">함께할인</div></div></div><div class="detailInfo"><p class="recomComment">10개 구매시 9,900원</p><a href="https://mfront.homeplus.co.kr/item?itemNo=070629331&amp;storeType=HYPER" class="productTitle"><p class="css-xktqki">오리온 스윙칩 볶음고추장 45G</p></a><div class="priceWrap"><div class="price"><strong class="priceValue">1,190</strong><span class="priceWon">원</span> </div></div><div class="priceQty">10G당 <span> 264.4</span>원</div><div class="prodScoreWrap"><span class="score" title="평점">4.8</span><span class="reviewCnt" title="리뷰 갯수">/2,103</span><span class="saleCount">23,332</span></div><div class="btnProdMore"><button type="button" class="list-btn"><span>함께할인 상품선택</span></button></div></div></div></div>  <div class="unitItem typeA    css-bimbqe" data-doc-id="H136848869N37O0"><div class="thumbWrap "><div class="thumb"><button type="button" class="btnThumb"><div class="thumbImg"><span class=" lazy-load-image-background " style="display: block; width: 100%; height: 100%; background:  0% 0% / 50% rgb(238, 238, 238);"><span class="" style="display: inline-block;"></span></span></div></button><div class="btnProdCart css-213czk"><button type="button" class="shadow"><span class="css-o9vq2t">장바구니담기</span></button></div></div></div><div class="detailInfoWrap "><div class="simpleInfo"><div class="flagWrap "><span class="flag rTxt">마트직송</span><div class="flag event">행사상품</div></div></div><div class="detailInfo"><a href="https://mfront.homeplus.co.kr/item?itemNo=136848869&amp;storeType=HYPER" class="productTitle"><p class="css-xktqki">오리온 예감 치즈그라탕 204G</p></a><div class="priceWrap"><div class="price"><strong class="priceValue">3,290</strong><span class="priceWon">원</span> </div></div><div class="priceQty">10G당 <span> 161.3</span>원</div><div class="prodScoreWrap"><span class="score" title="평점">4.8</span><span class="reviewCnt" title="리뷰 갯수">/3,991</span><span class="saleCount">7,973</span></div></div></div></div>  <div class="unitItem typeA    css-bimbqe" data-doc-id="H136848846N37O0"><div class="thumbWrap "><div class="thumb"><button type="button" class="btnThumb"><div class="thumbImg"><span class=" lazy-load-image-background " style="display: block; width: 100%; height: 100%; background:  0% 0% / 50% rgb(238, 238, 238);"><span class="" style="display: inline-block;"></span></span></div></button><div class="btnProdCart css-213czk"><button type="button" class="shadow"><span class="css-o9vq2t">장바구니담기</span></button></div></div></div><div class="detailInfoWrap "><div class="simpleInfo"><div class="flagWrap "><span class="flag rTxt">마트직송</span><div class="flag event">행사상품</div></div></div><div class="detailInfo"><a href="https://mfront.homeplus.co.kr/item?itemNo=136848846&amp;storeType=HYPER" class="productTitle"><p class="css-xktqki">오리온 예감 오리지널 192G</p></a><div class="priceWrap"><div class="price"><strong class="priceValue">3,290</strong><span class="priceWon">원</span> </div></div><div class="priceQty">10G당 <span> 171.4</span>원</div><div class="prodScoreWrap"><span class="score" title="평점">4.8</span><span class="reviewCnt" title="리뷰 갯수">/5,355</span><span class="saleCount">8,655</span></div></div></div></div>  <div class="unitItem typeA    css-bimbqe" data-doc-id="H070715471N37O0"><div class="thumbWrap "><div class="thumb"><button type="button" class="btnThumb"><div class="thumbImg"><span class=" lazy-load-image-background " style="display: block; width: 100%; height: 100%; background:  0% 0% / 50% rgb(238, 238, 238);"><span class="" style="display: inline-block;"></span></span></div></button><div class="btnProdCart css-213czk"><button type="button" class="shadow"><span class="css-o9vq2t">장바구니담기</span></button></div></div></div><div class="detailInfoWrap "><div class="simpleInfo"><div class="flagWrap "><span class="flag rTxt">마트직송</span><div class="flag event">함께할인</div></div></div><div class="detailInfo"><p class="recomComment">10개 구매시 9,900원</p><a href="https://mfront.homeplus.co.kr/item?itemNo=070715471&amp;storeType=HYPER" class="productTitle"><p class="css-xktqki">오리온 오감자 그라탕 45G</p></a><div class="priceWrap"><div class="price"><strong class="priceValue">1,190</strong><span class="priceWon">원</span> </div></div><div class="priceQty">10G당 <span> 264.4</span>원</div><div class="prodScoreWrap"><span class="score" title="평점">4.9</span><span class="reviewCnt" title="리뷰 갯수">/448</span><span class="saleCount">21,314</span></div><div class="btnProdMore"><button type="button" class="list-btn"><span>함께할인 상품선택</span></button></div></div></div></div>  <div class="unitItem typeA    css-bimbqe" data-doc-id="H127003748N37O0"><div class="thumbWrap "><div class="thumb"><button type="button" class="btnThumb"><div class="thumbImg"><span class=" lazy-load-image-background " style="display: block; width: 100%; height: 100%; background:  0% 0% / 50% rgb(238, 238, 238);"><span class="" style="display: inline-block;"></span></span></div></button><div class="btnProdCart css-213czk"><button type="button" class="shadow"><span class="css-o9vq2t">장바구니담기</span></button></div></div></div><div class="detailInfoWrap "><div class="simpleInfo"><div class="flagWrap "><span class="flag rTxt">마트직송</span></div></div><div class="detailInfo"><a href="https://mfront.homeplus.co.kr/item?itemNo=127003748&amp;storeType=HYPER" class="productTitle"><p class="css-xktqki">오리온 포카칩 오리지널 4번들 38G*4</p></a><div class="priceWrap"><div class="price"><strong class="priceValue">3,390</strong><span class="priceWon">원</span> </div></div><div class="priceQty">10G당 <span> 223</span>원</div><div class="prodScoreWrap"><span class="score" title="평점">4.8</span><span class="reviewCnt" title="리뷰 갯수">/8,347</span><span class="saleCount">14,094</span></div></div></div></div>  <div class="unitItem typeA    css-bimbqe" data-doc-id="H070715488N37O0"><div class="thumbWrap "><div class="thumb"><button type="button" class="btnThumb"><div class="thumbImg"><span class=" lazy-load-image-background " style="display: block; width: 100%; height: 100%; background:  0% 0% / 50% rgb(238, 238, 238);"><span class="" style="display: inline-block;"></span></span></div></button><div class="btnProdCart css-213czk"><button type="button" class="shadow"><span class="css-o9vq2t">장바구니담기</span></button></div></div></div><div class="detailInfoWrap "><div class="simpleInfo"><div class="flagWrap "><span class="flag rTxt">마트직송</span><div class="flag event">함께할인</div></div></div><div class="detailInfo"><p class="recomComment">10개 구매시 9,900원</p><a href="https://mfront.homeplus.co.kr/item?itemNo=070715488&amp;storeType=HYPER" class="productTitle"><p class="css-xktqki">오리온 오감자 어니언 45G</p></a><div class="priceWrap"><div class="price"><strong class="priceValue">1,190</strong><span class="priceWon">원</span> </div></div><div class="priceQty">10G당 <span> 264.4</span>원</div><div class="prodScoreWrap"><span class="score" title="평점">4.8</span><span class="reviewCnt" title="리뷰 갯수">/380</span><span class="saleCount">12,919</span></div><div class="btnProdMore"><button type="button" class="list-btn"><span>함께할인 상품선택</span></button></div></div></div></div>  <div class="unitItem typeA    css-bimbqe" data-doc-id="H000057401N37O0"><div class="thumbWrap "><div class="thumb"><button type="button" class="btnThumb"><div class="thumbImg"><span class=" lazy-load-image-background  lazy-load-image-loaded" style="display: block; width: 100%; height: 100%; background:  0% 0% / 50% rgb(238, 238, 238);"><img alt="오뚜기 허니 머스타드 265G" src="../../../../../Downloads/homeplus_files/000057401s0320"></span></div></button><div class="btnProdCart css-213czk"><button type="button" class="shadow"><span class="css-o9vq2t">장바구니담기</span></button></div></div></div><div class="detailInfoWrap "><div class="simpleInfo"><div class="flagWrap "><span class="flag rTxt">마트직송</span></div></div><div class="detailInfo"><a href="https://mfront.homeplus.co.kr/item?itemNo=000057401&amp;storeType=HYPER" class="productTitle"><p class="css-xktqki">오뚜기 허니 머스타드 265G</p></a><div class="priceWrap"><div class="price"><strong class="priceValue">3,080</strong><span class="priceWon">원</span> </div></div><div class="priceQty">100G당 <span> 1,162.3</span>원</div><div class="prodScoreWrap"><span class="score" title="평점">4.8</span><span class="reviewCnt" title="리뷰 갯수">/13,070</span><span class="saleCount">3,127</span></div></div></div></div>  <div class="unitItem typeA    css-bimbqe" data-doc-id="H111021533N37O0"><div class="thumbWrap "><div class="thumb"><button type="button" class="btnThumb"><div class="thumbImg"><span class=" lazy-load-image-background  lazy-load-image-loaded" style="display: block; width: 100%; height: 100%; background:  0% 0% / 50% rgb(238, 238, 238);"><img alt="농심 포테토칩 오리지널 대 125G" src="../../../../../Downloads/homeplus_files/111021533s0320"></span></div></button><div class="btnProdCart css-213czk"><button type="button" class="shadow"><span class="css-o9vq2t">장바구니담기</span></button></div></div></div><div class="detailInfoWrap "><div class="simpleInfo"><div class="flagWrap "><span class="flag rTxt">마트직송</span></div></div><div class="detailInfo"><a href="https://mfront.homeplus.co.kr/item?itemNo=111021533&amp;storeType=HYPER" class="productTitle"><p class="css-xktqki">농심 포테토칩 오리지널 대 125G</p></a><div class="priceWrap"><div class="price"><strong class="priceValue">2,530</strong><span class="priceWon">원</span> </div></div><div class="priceQty">10G당 <span> 202.4</span>원</div><div class="prodScoreWrap"><span class="score" title="평점">4.8</span><span class="reviewCnt" title="리뷰 갯수">/4,371</span><span class="saleCount">9,228</span></div></div></div></div>  <div class="unitItem typeA    css-bimbqe" data-doc-id="H127003691N37O0"><div class="thumbWrap "><div class="thumb"><button type="button" class="btnThumb"><div class="thumbImg"><span class=" lazy-load-image-background " style="display: block; width: 100%; height: 100%; background:  0% 0% / 50% rgb(238, 238, 238);"><span class="" style="display: inline-block;"></span></span></div></button><div class="btnProdCart css-213czk"><button type="button" class="shadow"><span class="css-o9vq2t">장바구니담기</span></button></div></div></div><div class="detailInfoWrap "><div class="simpleInfo"><div class="flagWrap "><span class="flag rTxt">마트직송</span></div></div><div class="detailInfo"><a href="https://mfront.homeplus.co.kr/item?itemNo=127003691&amp;storeType=HYPER" class="productTitle"><p class="css-xktqki">오리온 포카칩 어니언 4번들 38G*4</p></a><div class="priceWrap"><div class="price"><strong class="priceValue">3,390</strong><span class="priceWon">원</span> </div></div><div class="priceQty">10G당 <span> 223</span>원</div><div class="prodScoreWrap"><span class="score" title="평점">4.8</span><span class="reviewCnt" title="리뷰 갯수">/4,076</span><span class="saleCount">7,339</span></div></div></div></div>  <div class="unitItem typeA    css-bimbqe" data-doc-id="H144697430N37O0"><div class="thumbWrap "><div class="thumb"><button type="button" class="btnThumb"><div class="thumbImg"><span class=" lazy-load-image-background " style="display: block; width: 100%; height: 100%; background:  0% 0% / 50% rgb(238, 238, 238);"><span class="" style="display: inline-block;"></span></span></div></button><div class="btnProdCart css-213czk"><button type="button" class="shadow"><span class="css-o9vq2t">장바구니담기</span></button></div></div></div><div class="detailInfoWrap "><div class="simpleInfo"><div class="flagWrap "><span class="flag rTxt">마트직송</span></div></div><div class="detailInfo"><a href="https://mfront.homeplus.co.kr/item?itemNo=144697430&amp;storeType=HYPER" class="productTitle"><p class="css-xktqki">오리온 예감 볶은양파맛 204G</p></a><div class="priceWrap"><div class="price"><strong class="priceValue">3,590</strong><span class="priceWon">원</span> </div></div><div class="priceQty">10G당 <span> 176</span>원</div><div class="prodScoreWrap"><span class="score" title="평점">4.8</span><span class="reviewCnt" title="리뷰 갯수">/2,960</span><span class="saleCount">5,157</span></div></div></div></div>  <div class="unitItem typeA    css-bimbqe" data-doc-id="H070217904N37O0"><div class="thumbWrap "><div class="thumb"><button type="button" class="btnThumb"><div class="thumbImg"><span class=" lazy-load-image-background " style="display: block; width: 100%; height: 100%; background:  0% 0% / 50% rgb(238, 238, 238);"><span class="" style="display: inline-block;"></span></span></div></button><div class="btnProdCart css-213czk"><button type="button" class="shadow"><span class="css-o9vq2t">장바구니담기</span></button></div></div></div><div class="detailInfoWrap "><div class="simpleInfo"><div class="flagWrap "><span class="flag rTxt">마트직송</span></div></div><div class="detailInfo"><a href="https://mfront.homeplus.co.kr/item?itemNo=070217904&amp;storeType=HYPER" class="productTitle"><p class="css-xktqki">오리온 포카칩 오리지널 지퍼백 266G</p></a><div class="priceWrap"><div class="price"><strong class="priceValue">5,190</strong><span class="priceWon">원</span> </div></div><div class="priceQty">10G당 <span> 195.1</span>원</div><div class="prodScoreWrap"><span class="score" title="평점">4.8</span><span class="reviewCnt" title="리뷰 갯수">/542</span><span class="saleCount">1,135</span></div></div></div></div>  <div class="unitItem typeA    css-bimbqe" data-doc-id="H070217882N37O0"><div class="thumbWrap "><div class="thumb"><button type="button" class="btnThumb"><div class="thumbImg"><span class=" lazy-load-image-background " style="display: block; width: 100%; height: 100%; background:  0% 0% / 50% rgb(238, 238, 238);"><span class="" style="display: inline-block;"></span></span></div></button><div class="btnProdCart css-213czk"><button type="button" class="shadow"><span class="css-o9vq2t">장바구니담기</span></button></div></div></div><div class="detailInfoWrap "><div class="simpleInfo"><div class="flagWrap "><span class="flag rTxt">마트직송</span></div></div><div class="detailInfo"><a href="https://mfront.homeplus.co.kr/item?itemNo=070217882&amp;storeType=HYPER" class="productTitle"><p class="css-xktqki">오리온 포카칩 어니언 지퍼백 266G</p></a><div class="priceWrap"><div class="price"><strong class="priceValue">5,190</strong><span class="priceWon">원</span> </div></div><div class="priceQty">10G당 <span> 195.1</span>원</div><div class="prodScoreWrap"><span class="score" title="평점">4.8</span><span class="reviewCnt" title="리뷰 갯수">/284</span><span class="saleCount">652</span></div></div></div></div>  <div class="unitItem typeA    css-bimbqe" data-doc-id="H115323686N37O0"><div class="thumbWrap "><div class="thumb"><button type="button" class="btnThumb"><div class="thumbImg"><span class=" lazy-load-image-background " style="display: block; width: 100%; height: 100%; background:  0% 0% / 50% rgb(238, 238, 238);"><span class="" style="display: inline-block;"></span></span></div></button><div class="btnProdCart css-213czk"><button type="button" class="shadow"><span class="css-o9vq2t">장바구니담기</span></button></div></div></div><div class="detailInfoWrap "><div class="simpleInfo"><div class="flagWrap "><span class="flag rTxt">마트직송</span></div></div><div class="detailInfo"><a href="https://mfront.homeplus.co.kr/item?itemNo=115323686&amp;storeType=HYPER" class="productTitle"><p class="css-xktqki">레이즈 클래식 184.2G</p></a><div class="priceWrap"><div class="price"><strong class="priceValue">4,990</strong><span class="priceWon">원</span> </div></div><div class="priceQty">10G당 <span> 270.9</span>원</div><div class="prodScoreWrap"><span class="score" title="평점">4.7</span><span class="reviewCnt" title="리뷰 갯수">/524</span><span class="saleCount">1,634</span></div></div></div></div>  <div class="unitItem typeA    css-bimbqe" data-doc-id="H069463377N37O0"><div class="thumbWrap "><div class="thumb"><button type="button" class="btnThumb"><div class="thumbImg"><span class=" lazy-load-image-background " style="display: block; width: 100%; height: 100%; background:  0% 0% / 50% rgb(238, 238, 238);"><span class="" style="display: inline-block;"></span></span></div></button><div class="btnProdCart css-213czk"><button type="button" class="shadow"><span class="css-o9vq2t">장바구니담기</span></button></div></div></div><div class="detailInfoWrap "><div class="simpleInfo"><div class="flagWrap "><span class="flag rTxt">마트직송</span></div></div><div class="detailInfo"><a href="https://mfront.homeplus.co.kr/item?itemNo=069463377&amp;storeType=HYPER" class="productTitle"><p class="css-xktqki">동원 퀴진 해쉬브라운스틱 600G</p></a><div class="priceWrap"><div class="price"><strong class="priceValue">8,990</strong><span class="priceWon">원</span> </div></div><div class="priceQty">100G당 <span> 1,498.3</span>원</div><div class="prodScoreWrap"><span class="score" title="평점">4.8</span><span class="reviewCnt" title="리뷰 갯수">/572</span><span class="saleCount">1,211</span></div></div></div></div>  <div class="unitItem typeA    css-bimbqe" data-doc-id="H070610531N37O0"><div class="thumbWrap "><div class="thumb"><button type="button" class="btnThumb"><div class="thumbImg"><span class=" lazy-load-image-background " style="display: block; width: 100%; height: 100%; background:  0% 0% / 50% rgb(238, 238, 238);"><span class="" style="display: inline-block;"></span></span></div></button><div class="btnProdCart css-213czk"><button type="button" class="shadow"><span class="css-o9vq2t">장바구니담기</span></button></div></div></div><div class="detailInfoWrap "><div class="simpleInfo"><div class="flagWrap "><span class="flag rTxt">마트직송</span><div class="flag event">함께할인</div></div></div><div class="detailInfo"><a href="https://mfront.homeplus.co.kr/item?itemNo=070610531&amp;storeType=HYPER" class="productTitle"><p class="css-xktqki">홀스래디쉬 소스 210G</p></a><div class="priceWrap"><div class="price"><strong class="priceValue">3,490</strong><span class="priceWon">원</span> </div></div><div class="priceQty">100G당 <span> 1,661.9</span>원</div><div class="prodScoreWrap"><span class="score" title="평점">4.8</span><span class="reviewCnt" title="리뷰 갯수">/238</span><span class="saleCount">2,104</span></div><div class="btnProdMore"><button type="button" class="list-btn"><span>함께할인 상품선택</span></button></div></div></div></div>  <div class="unitItem typeA    css-bimbqe" data-doc-id="H112436925N37O0"><div class="thumbWrap "><div class="thumb"><button type="button" class="btnThumb"><div class="thumbImg"><span class=" lazy-load-image-background " style="display: block; width: 100%; height: 100%; background:  0% 0% / 50% rgb(238, 238, 238);"><span class="" style="display: inline-block;"></span></span></div></button><div class="btnProdCart css-213czk"><button type="button" class="shadow"><span class="css-o9vq2t">장바구니담기</span></button></div></div></div><div class="detailInfoWrap "><div class="simpleInfo"><div class="flagWrap "><span class="flag rTxt">마트직송</span></div></div><div class="detailInfo"><a href="https://mfront.homeplus.co.kr/item?itemNo=112436925&amp;storeType=HYPER" class="productTitle"><p class="css-xktqki">프링글스 양파맛 110G</p></a><div class="priceWrap"><div class="price"><strong class="priceValue">3,330</strong><span class="priceWon">원</span> </div></div><div class="priceQty">10G당 <span> 302.7</span>원</div><div class="prodScoreWrap"><span class="score" title="평점">4.8</span><span class="reviewCnt" title="리뷰 갯수">/23,649</span><span class="saleCount">442</span></div></div></div></div>  <div class="unitItem typeA    css-bimbqe" data-doc-id="H070374971N37O0"><div class="thumbWrap "><div class="thumb"><button type="button" class="btnThumb"><div class="thumbImg"><span class=" lazy-load-image-background " style="display: block; width: 100%; height: 100%; background:  0% 0% / 50% rgb(238, 238, 238);"><span class="" style="display: inline-block;"></span></span></div></button><div class="btnProdCart css-213czk"><button type="button" class="shadow"><span class="css-o9vq2t">장바구니담기</span></button></div></div></div><div class="detailInfoWrap "><div class="simpleInfo"><div class="flagWrap "><span class="flag rTxt">마트직송</span></div></div><div class="detailInfo"><a href="https://mfront.homeplus.co.kr/item?itemNo=070374971&amp;storeType=HYPER" class="productTitle"><p class="css-xktqki">써니데일 스파이스웨지 1KG</p></a><div class="priceWrap"><div class="price"><strong class="priceValue">6,990</strong><span class="priceWon">원</span> </div></div><div class="priceQty">100G당 <span> 699</span>원</div><div class="prodScoreWrap"><span class="score" title="평점">4.7</span><span class="reviewCnt" title="리뷰 갯수">/82</span><span class="saleCount">802</span></div></div></div></div>  <div class="unitItem typeA    css-bimbqe" data-doc-id="H068834194N37O0"><div class="thumbWrap "><div class="thumb"><button type="button" class="btnThumb"><div class="thumbImg"><span class=" lazy-load-image-background " style="display: block; width: 100%; height: 100%; background:  0% 0% / 50% rgb(238, 238, 238);"><span class="" style="display: inline-block;"></span></span></div></button><div class="btnProdCart css-213czk"><button type="button" class="shadow"><span class="css-o9vq2t">장바구니담기</span></button></div></div></div><div class="detailInfoWrap "><div class="simpleInfo"><div class="flagWrap "><span class="flag rTxt">마트직송</span></div></div><div class="detailInfo"><a href="https://mfront.homeplus.co.kr/item?itemNo=068834194&amp;storeType=HYPER" class="productTitle"><p class="css-xktqki">레이즈 체다&amp;사워크림 184.2G</p></a><div class="priceWrap"><div class="price"><strong class="priceValue">4,990</strong><span class="priceWon">원</span> </div></div><div class="priceQty">10G당 <span> 271.2</span>원</div><div class="prodScoreWrap"><span class="score" title="평점">4.5</span><span class="reviewCnt" title="리뷰 갯수">/181</span><span class="saleCount">510</span></div></div></div></div>  <div class="unitItem typeA    css-bimbqe" data-doc-id="H063007703N37O0"><div class="thumbWrap "><div class="thumb"><button type="button" class="btnThumb"><div class="thumbImg"><span class=" lazy-load-image-background " style="display: block; width: 100%; height: 100%; background:  0% 0% / 50% rgb(238, 238, 238);"><span class="" style="display: inline-block;"></span></span></div></button><div class="btnProdCart css-213czk"><button type="button" class="shadow"><span class="css-o9vq2t">장바구니담기</span></button></div></div></div><div class="detailInfoWrap "><div class="simpleInfo"><div class="flagWrap "><span class="flag rTxt">마트직송</span></div></div><div class="detailInfo"><a href="https://mfront.homeplus.co.kr/item?itemNo=063007703&amp;storeType=HYPER" class="productTitle"><p class="css-xktqki">오리온 마켓오 오징어톡 136G</p></a><div class="priceWrap"><div class="price"><strong class="priceValue">2,390</strong><span class="priceWon">원</span> </div></div><div class="priceQty">10G당 <span> 175.7</span>원</div><div class="prodScoreWrap"><span class="score" title="평점">4.7</span><span class="reviewCnt" title="리뷰 갯수">/1,962</span><span class="saleCount">477</span></div></div></div></div>  <div class="unitItem typeA    css-bimbqe" data-doc-id="H126049217N37O0"><div class="thumbWrap "><div class="thumb"><button type="button" class="btnThumb"><div class="thumbImg"><span class=" lazy-load-image-background " style="display: block; width: 100%; height: 100%; background:  0% 0% / 50% rgb(238, 238, 238);"><span class="" style="display: inline-block;"></span></span></div></button><div class="btnProdCart css-213czk"><button type="button" class="shadow"><span class="css-o9vq2t">장바구니담기</span></button></div></div></div><div class="detailInfoWrap "><div class="simpleInfo"><div class="flagWrap "><span class="flag rTxt">마트직송</span></div></div><div class="detailInfo"><a href="https://mfront.homeplus.co.kr/item?itemNo=126049217&amp;storeType=HYPER" class="productTitle"><p class="css-xktqki">오리온 눈을감자 56G</p></a><div class="priceWrap"><div class="price"><strong class="priceValue">1,590</strong><span class="priceWon">원</span> </div></div><div class="priceQty">10G당 <span> 283.9</span>원</div><div class="prodScoreWrap"><span class="score" title="평점">4.8</span><span class="reviewCnt" title="리뷰 갯수">/26,503</span><span class="saleCount">3,520</span></div></div></div></div>  <div class="unitItem typeA    css-bimbqe" data-doc-id="H070659393N37O0"><div class="thumbWrap "><div class="thumb"><button type="button" class="btnThumb"><div class="thumbImg"><span class=" lazy-load-image-background " style="display: block; width: 100%; height: 100%; background:  0% 0% / 50% rgb(238, 238, 238);"><span class="" style="display: inline-block;"></span></span></div></button><div class="btnProdCart css-213czk"><button type="button" class="shadow"><span class="css-o9vq2t">장바구니담기</span></button></div></div></div><div class="detailInfoWrap "><div class="simpleInfo"><div class="flagWrap "><span class="flag rTxt">마트직송</span></div></div><div class="detailInfo"><a href="https://mfront.homeplus.co.kr/item?itemNo=070659393&amp;storeType=HYPER" class="productTitle"><p class="css-xktqki">프링글스 오리지날맛 142G</p></a><div class="priceWrap"><div class="price"><strong class="priceValue">3,680</strong><span class="priceWon">원</span> </div></div><div class="priceQty">10G당 <span> 259.2</span>원</div><div class="prodScoreWrap"><span class="score" title="평점">4.9</span><span class="reviewCnt" title="리뷰 갯수">/99</span><span class="saleCount">3,439</span></div></div></div></div>  <div class="unitItem typeA    css-bimbqe" data-doc-id="H068901909N37O0"><div class="thumbWrap "><div class="thumb"><button type="button" class="btnThumb"><div class="thumbImg"><span class=" lazy-load-image-background " style="display: block; width: 100%; height: 100%; background:  0% 0% / 50% rgb(238, 238, 238);"><span class="" style="display: inline-block;"></span></span></div></button><div class="btnProdCart css-213czk"><button type="button" class="shadow"><span class="css-o9vq2t">장바구니담기</span></button></div></div></div><div class="detailInfoWrap "><div class="simpleInfo"><div class="flagWrap "><span class="flag rTxt">마트직송</span><div class="flag event">행사상품</div></div></div><div class="detailInfo"><a href="https://mfront.homeplus.co.kr/item?itemNo=068901909&amp;storeType=HYPER" class="productTitle"><p class="css-xktqki">구운 오징어 땅콩볼 540G</p></a><div class="priceWrap"><div class="price"><strong class="priceValue">4,890</strong><span class="priceWon">원</span> </div></div><div class="priceQty">10G당 <span> 90.6</span>원</div><div class="prodScoreWrap"><span class="score" title="평점">4.7</span><span class="reviewCnt" title="리뷰 갯수">/1,625</span><span class="saleCount">383</span></div></div></div></div>  <div class="unitItem typeA    css-bimbqe" data-doc-id="H115046842N37O0"><div class="thumbWrap "><div class="thumb"><button type="button" class="btnThumb"><div class="thumbImg"><span class=" lazy-load-image-background " style="display: block; width: 100%; height: 100%; background:  0% 0% / 50% rgb(238, 238, 238);"><span class="" style="display: inline-block;"></span></span></div></button><div class="btnProdCart css-213czk"><button type="button" class="shadow"><span class="css-o9vq2t">장바구니담기</span></button></div></div></div><div class="detailInfoWrap "><div class="simpleInfo"><div class="flagWrap "><span class="flag rTxt">마트직송</span></div></div><div class="detailInfo"><a href="https://mfront.homeplus.co.kr/item?itemNo=115046842&amp;storeType=HYPER" class="productTitle"><p class="css-xktqki">오리온 포카칩 오리지날 137G</p></a><div class="priceWrap"><div class="price"><strong class="priceValue">2,720</strong><span class="priceWon">원</span> </div></div><div class="priceQty">10G당 <span> 198.5</span>원</div><div class="prodScoreWrap"><span class="score" title="평점">4.9</span><span class="reviewCnt" title="리뷰 갯수">/4,090</span><span class="saleCount">1,041</span></div></div></div></div>  <div class="unitItem typeA    css-bimbqe" data-doc-id="H070713006N37O0"><div class="thumbWrap "><div class="thumb"><button type="button" class="btnThumb"><div class="thumbImg"><span class=" lazy-load-image-background " style="display: block; width: 100%; height: 100%; background:  0% 0% / 50% rgb(238, 238, 238);"><span class="" style="display: inline-block;"></span></span></div></button><div class="btnProdCart css-213czk"><button type="button" class="shadow"><span class="css-o9vq2t">장바구니담기</span></button></div></div></div><div class="detailInfoWrap "><div class="simpleInfo"><div class="flagWrap "><span class="flag rTxt">마트직송</span><div class="flag event">신상품</div></div></div><div class="detailInfo"><a href="https://mfront.homeplus.co.kr/item?itemNo=070713006&amp;storeType=HYPER" class="productTitle"><p class="css-xktqki">농심 포테토칩 올디스타코맛 105G</p></a><div class="priceWrap"><div class="price"><strong class="priceValue">2,530</strong><span class="priceWon">원</span> </div></div><div class="priceQty">10G당 <span> 241</span>원</div><div class="prodScoreWrap"><span class="score" title="평점">4.5</span><span class="reviewCnt" title="리뷰 갯수">/34</span><span class="saleCount">2,149</span></div></div></div></div>  <div class="unitItem typeA    css-bimbqe" data-doc-id="H070616219N37O0"><div class="thumbWrap "><div class="thumb"><button type="button" class="btnThumb"><div class="thumbImg"><span class=" lazy-load-image-background " style="display: block; width: 100%; height: 100%; background:  0% 0% / 50% rgb(238, 238, 238);"><span class="" style="display: inline-block;"></span></span></div></button><div class="btnProdCart css-213czk"><button type="button" class="shadow"><span class="css-o9vq2t">장바구니담기</span></button></div></div></div><div class="detailInfoWrap "><div class="simpleInfo"><div class="flagWrap "><span class="flag rTxt">마트직송</span></div></div><div class="detailInfo"><a href="https://mfront.homeplus.co.kr/item?itemNo=070616219&amp;storeType=HYPER" class="productTitle"><p class="css-xktqki">오리온 눈을감자 96G</p></a><div class="priceWrap"><div class="price"><strong class="priceValue">2,720</strong><span class="priceWon">원</span> </div></div><div class="priceQty">10G당 <span> 283.3</span>원</div><div class="prodScoreWrap"><span class="score" title="평점">4.8</span><span class="reviewCnt" title="리뷰 갯수">/133</span><span class="saleCount">838</span></div></div></div></div>  <div class="unitItem typeA    css-bimbqe" data-doc-id="H115046885N37O0"><div class="thumbWrap "><div class="thumb"><button type="button" class="btnThumb"><div class="thumbImg"><span class=" lazy-load-image-background " style="display: block; width: 100%; height: 100%; background:  0% 0% / 50% rgb(238, 238, 238);"><span class="" style="display: inline-block;"></span></span></div></button><div class="btnProdCart css-213czk"><button type="button" class="shadow"><span class="css-o9vq2t">장바구니담기</span></button></div></div></div><div class="detailInfoWrap "><div class="simpleInfo"><div class="flagWrap "><span class="flag rTxt">마트직송</span></div></div><div class="detailInfo"><a href="https://mfront.homeplus.co.kr/item?itemNo=115046885&amp;storeType=HYPER" class="productTitle"><p class="css-xktqki">오리온 포카칩 양파맛 137G</p></a><div class="priceWrap"><div class="price"><strong class="priceValue">2,720</strong><span class="priceWon">원</span> </div></div><div class="priceQty">10G당 <span> 198.5</span>원</div><div class="prodScoreWrap"><span class="score" title="평점">4.9</span><span class="reviewCnt" title="리뷰 갯수">/2,980</span><span class="saleCount">592</span></div></div></div></div>  <div class="unitItem typeA    css-bimbqe" data-doc-id="H111021488N37O0"><div class="thumbWrap "><div class="thumb"><button type="button" class="btnThumb"><div class="thumbImg"><span class=" lazy-load-image-background " style="display: block; width: 100%; height: 100%; background:  0% 0% / 50% rgb(238, 238, 238);"><span class="" style="display: inline-block;"></span></span></div></button><div class="btnProdCart css-213czk"><button type="button" class="shadow"><span class="css-o9vq2t">장바구니담기</span></button></div></div></div><div class="detailInfoWrap "><div class="simpleInfo"><div class="flagWrap "><span class="flag rTxt">마트직송</span></div></div><div class="detailInfo"><a href="https://mfront.homeplus.co.kr/item?itemNo=111021488&amp;storeType=HYPER" class="productTitle"><p class="css-xktqki">농심 포테토칩 오리지널 60G</p></a><div class="priceWrap"><div class="price"><strong class="priceValue">1,360</strong><span class="priceWon">원</span> </div></div><div class="priceQty">10G당 <span> 226.7</span>원</div><div class="prodScoreWrap"><span class="score" title="평점">4.8</span><span class="reviewCnt" title="리뷰 갯수">/15,036</span><span class="saleCount">591</span></div></div></div></div>  <div class="unitItem typeA    css-bimbqe" data-doc-id="H070217922N37O0"><div class="thumbWrap "><div class="thumb"><button type="button" class="btnThumb"><div class="thumbImg"><span class=" lazy-load-image-background " style="display: block; width: 100%; height: 100%; background:  0% 0% / 50% rgb(238, 238, 238);"><span class="" style="display: inline-block;"></span></span></div></button><div class="btnProdCart css-213czk"><button type="button" class="shadow"><span class="css-o9vq2t">장바구니담기</span></button></div></div></div><div class="detailInfoWrap "><div class="simpleInfo"><div class="flagWrap "><span class="flag rTxt">마트직송</span></div></div><div class="detailInfo"><a href="https://mfront.homeplus.co.kr/item?itemNo=070217922&amp;storeType=HYPER" class="productTitle"><p class="css-xktqki">오리온 스윙칩 볶음고추장맛 지퍼백 244G</p></a><div class="priceWrap"><div class="price"><strong class="priceValue">5,190</strong><span class="priceWon">원</span> </div></div><div class="priceQty">10G당 <span> 212.7</span>원</div><div class="prodScoreWrap"><span class="score" title="평점">4.8</span><span class="reviewCnt" title="리뷰 갯수">/213</span><span class="saleCount">397</span></div></div></div></div>  <div class="unitItem typeA    css-bimbqe" data-doc-id="H127367432N37O0"><div class="thumbWrap "><div class="thumb"><button type="button" class="btnThumb"><div class="thumbImg"><span class=" lazy-load-image-background " style="display: block; width: 100%; height: 100%; background:  0% 0% / 50% rgb(238, 238, 238);"><span class="" style="display: inline-block;"></span></span></div></button><div class="btnProdCart css-213czk"><button type="button" class="shadow"><span class="css-o9vq2t">장바구니담기</span></button></div></div></div><div class="detailInfoWrap "><div class="simpleInfo"><div class="flagWrap "><span class="flag rTxt">마트직송</span></div></div><div class="detailInfo"><a href="https://mfront.homeplus.co.kr/item?itemNo=127367432&amp;storeType=HYPER" class="productTitle"><p class="css-xktqki">홈플러스시그니처 고구마 샐러드 500G</p></a><div class="priceWrap"><div class="price"><strong class="priceValue">5,990</strong><span class="priceWon">원</span> </div></div><div class="priceQty">100G당 <span> 1,198</span>원</div><div class="prodScoreWrap"><span class="score" title="평점">4.7</span><span class="reviewCnt" title="리뷰 갯수">/623</span><span class="saleCount">356</span></div></div></div></div>  <div class="unitItem typeA    css-bimbqe" data-doc-id="H058964509N37O0"><div class="thumbWrap "><div class="thumb"><button type="button" class="btnThumb"><div class="thumbImg"><span class=" lazy-load-image-background " style="display: block; width: 100%; height: 100%; background:  0% 0% / 50% rgb(238, 238, 238);"><span class="" style="display: inline-block;"></span></span></div></button><div class="btnProdCart css-213czk"><button type="button" class="shadow"><span class="css-o9vq2t">장바구니담기</span></button></div></div></div><div class="detailInfoWrap "><div class="simpleInfo"><div class="flagWrap "><span class="flag rTxt">마트직송</span></div></div><div class="detailInfo"><a href="https://mfront.homeplus.co.kr/item?itemNo=058964509&amp;storeType=HYPER" class="productTitle"><p class="css-xktqki">홈플러스시그니처 뉴슈가 100g</p></a><div class="priceWrap"><div class="price"><strong class="priceValue">690</strong><span class="priceWon">원</span> </div></div><div class="priceQty">100G당 <span> 690</span>원</div><div class="prodScoreWrap"><span class="score" title="평점">4.8</span><span class="reviewCnt" title="리뷰 갯수">/2,089</span><span class="saleCount">1,064</span></div></div></div></div>  <div class="unitItem typeA    css-bimbqe" data-doc-id="H128440263N37O0"><div class="thumbWrap "><div class="thumb"><button type="button" class="btnThumb"><div class="thumbImg"><span class=" lazy-load-image-background " style="display: block; width: 100%; height: 100%; background:  0% 0% / 50% rgb(238, 238, 238);"><span class="" style="display: inline-block;"></span></span></div></button><div class="btnProdCart css-213czk"><button type="button" class="shadow"><span class="css-o9vq2t">장바구니담기</span></button></div></div></div><div class="detailInfoWrap "><div class="simpleInfo"><div class="flagWrap "><span class="flag rTxt">마트직송</span></div></div><div class="detailInfo"><a href="https://mfront.homeplus.co.kr/item?itemNo=128440263&amp;storeType=HYPER" class="productTitle"><p class="css-xktqki">레이즈 솔트&amp;비네거 184.2G</p></a><div class="priceWrap"><div class="price"><strong class="priceValue">4,990</strong><span class="priceWon">원</span> </div></div><div class="priceQty">10G당 <span> 270.9</span>원</div><div class="prodScoreWrap"><span class="score" title="평점">4.6</span><span class="reviewCnt" title="리뷰 갯수">/262</span><span class="saleCount">644</span></div></div></div></div>  <div class="unitItem typeA    css-bimbqe" data-doc-id="H070659410N37O0"><div class="thumbWrap "><div class="thumb"><button type="button" class="btnThumb"><div class="thumbImg"><span class=" lazy-load-image-background " style="display: block; width: 100%; height: 100%; background:  0% 0% / 50% rgb(238, 238, 238);"><span class="" style="display: inline-block;"></span></span></div></button><div class="btnProdCart css-213czk"><button type="button" class="shadow"><span class="css-o9vq2t">장바구니담기</span></button></div></div></div><div class="detailInfoWrap "><div class="simpleInfo"><div class="flagWrap "><span class="flag rTxt">마트직송</span></div></div><div class="detailInfo"><a href="https://mfront.homeplus.co.kr/item?itemNo=070659410&amp;storeType=HYPER" class="productTitle"><p class="css-xktqki">프링글스 양파맛 142G</p></a><div class="priceWrap"><div class="price"><strong class="priceValue">3,680</strong><span class="priceWon">원</span> </div></div><div class="priceQty">10G당 <span> 259.2</span>원</div><div class="prodScoreWrap"><span class="score" title="평점">4.8</span><span class="reviewCnt" title="리뷰 갯수">/82</span><span class="saleCount">3,071</span></div></div></div></div>  <div class="unitItem typeA    css-bimbqe" data-doc-id="H125977491N37O0"><div class="thumbWrap "><div class="thumb"><button type="button" class="btnThumb"><div class="thumbImg"><span class=" lazy-load-image-background " style="display: block; width: 100%; height: 100%; background:  0% 0% / 50% rgb(238, 238, 238);"><span class="" style="display: inline-block;"></span></span></div></button><div class="btnProdCart css-213czk"><button type="button" class="shadow"><span class="css-o9vq2t">장바구니담기</span></button></div></div></div><div class="detailInfoWrap "><div class="simpleInfo"><div class="flagWrap "><span class="flag rTxt">마트직송</span></div></div><div class="detailInfo"><a href="https://mfront.homeplus.co.kr/item?itemNo=125977491&amp;storeType=HYPER" class="productTitle"><p class="css-xktqki">프링글스 버터카라멜 110G</p></a><div class="priceWrap"><div class="price"><strong class="priceValue">3,330</strong><span class="priceWon">원</span> </div></div><div class="priceQty">10G당 <span> 302.7</span>원</div><div class="prodScoreWrap"><span class="score" title="평점">4.8</span><span class="reviewCnt" title="리뷰 갯수">/5,755</span><span class="saleCount">270</span></div></div></div></div>  <div class="unitItem typeA    css-bimbqe" data-doc-id="H070600641N37O0"><div class="thumbWrap "><div class="thumb"><button type="button" class="btnThumb"><div class="thumbImg"><span class=" lazy-load-image-background " style="display: block; width: 100%; height: 100%; background:  0% 0% / 50% rgb(238, 238, 238);"><span class="" style="display: inline-block;"></span></span></div></button><div class="btnProdCart css-213czk"><button type="button" class="shadow"><span class="css-o9vq2t">장바구니담기</span></button></div></div></div><div class="detailInfoWrap "><div class="simpleInfo"><div class="flagWrap "><span class="flag rTxt">마트직송</span></div></div><div class="detailInfo"><a href="https://mfront.homeplus.co.kr/item?itemNo=070600641&amp;storeType=HYPER" class="productTitle"><p class="css-xktqki">프링글스 매콤로제떡볶이맛 100G</p></a><div class="priceWrap"><div class="price"><strong class="priceValue">3,330</strong><span class="priceWon">원</span> </div></div><div class="priceQty">10G당 <span> 333</span>원</div><div class="prodScoreWrap"><span class="score" title="평점">4.7</span><span class="reviewCnt" title="리뷰 갯수">/182</span><span class="saleCount">88</span></div></div></div></div>  <div class="unitItem typeA    css-bimbqe" data-doc-id="H070447943N37O0"><div class="thumbWrap "><div class="thumb"><button type="button" class="btnThumb"><div class="thumbImg"><span class=" lazy-load-image-background " style="display: block; width: 100%; height: 100%; background:  0% 0% / 50% rgb(238, 238, 238);"><span class="" style="display: inline-block;"></span></span></div></button><div class="btnProdCart css-213czk"><button type="button" class="shadow"><span class="css-o9vq2t">장바구니담기</span></button></div></div></div><div class="detailInfoWrap "><div class="simpleInfo"><div class="flagWrap "><span class="flag rTxt">마트직송</span></div></div><div class="detailInfo"><a href="https://mfront.homeplus.co.kr/item?itemNo=070447943&amp;storeType=HYPER" class="productTitle"><p class="css-xktqki">프링글스 한국식 숯불갈비맛 100G</p></a><div class="priceWrap"><div class="price"><strong class="priceValue">3,330</strong><span class="priceWon">원</span> </div></div><div class="priceQty">10G당 <span> 333</span>원</div><div class="prodScoreWrap"><span class="score" title="평점">4.7</span><span class="reviewCnt" title="리뷰 갯수">/703</span><span class="saleCount">67</span></div></div></div></div>  <div class="unitItem typeA    css-bimbqe" data-doc-id="H070616409N37O0"><div class="thumbWrap "><div class="thumb"><button type="button" class="btnThumb"><div class="thumbImg"><span class=" lazy-load-image-background " style="display: block; width: 100%; height: 100%; background:  0% 0% / 50% rgb(238, 238, 238);"><span class="" style="display: inline-block;"></span></span></div></button><div class="btnProdCart css-213czk"><button type="button" class="shadow"><span class="css-o9vq2t">장바구니담기</span></button></div></div></div><div class="detailInfoWrap "><div class="simpleInfo"><div class="flagWrap "><span class="flag rTxt">마트직송</span></div></div><div class="detailInfo"><a href="https://mfront.homeplus.co.kr/item?itemNo=070616409&amp;storeType=HYPER" class="productTitle"><p class="css-xktqki">오리온 무뚝뚝 고구마칩 96G</p></a><div class="priceWrap"><div class="price"><strong class="priceValue">2,720</strong><span class="priceWon">원</span> </div></div><div class="priceQty">10G당 <span> 283.3</span>원</div><div class="prodScoreWrap"><span class="score" title="평점">4.8</span><span class="reviewCnt" title="리뷰 갯수">/84</span><span class="saleCount">1,068</span></div></div></div></div>  <div class="unitItem typeA    css-bimbqe" data-doc-id="H113440619N37O0"><div class="thumbWrap "><div class="thumb"><button type="button" class="btnThumb"><div class="thumbImg"><span class=" lazy-load-image-background " style="display: block; width: 100%; height: 100%; background:  0% 0% / 50% rgb(238, 238, 238);"><span class="" style="display: inline-block;"></span></span></div></button><div class="btnProdCart css-213czk"><button type="button" class="shadow"><span class="css-o9vq2t">장바구니담기</span></button></div></div></div><div class="detailInfoWrap "><div class="simpleInfo"><div class="flagWrap "><span class="flag rTxt">마트직송</span></div></div><div class="detailInfo"><a href="https://mfront.homeplus.co.kr/item?itemNo=113440619&amp;storeType=HYPER" class="productTitle"><p class="css-xktqki">농심 수미칩 오리지널 85G</p></a><div class="priceWrap"><div class="price"><strong class="priceValue">2,250</strong><span class="priceWon">원</span> </div></div><div class="priceQty">10G당 <span> 264.7</span>원</div><div class="prodScoreWrap"><span class="score" title="평점">4.9</span><span class="reviewCnt" title="리뷰 갯수">/3,512</span><span class="saleCount">1,161</span></div></div></div></div>  <div class="unitItem typeA    css-bimbqe" data-doc-id="H123314790N37O0"><div class="thumbWrap "><div class="thumb"><button type="button" class="btnThumb"><div class="thumbImg"><span class=" lazy-load-image-background " style="display: block; width: 100%; height: 100%; background:  0% 0% / 50% rgb(238, 238, 238);"><span class="" style="display: inline-block;"></span></span></div></button><div class="btnProdCart css-213czk"><button type="button" class="shadow"><span class="css-o9vq2t">장바구니담기</span></button></div></div></div><div class="detailInfoWrap "><div class="simpleInfo"><div class="flagWrap "><span class="flag rTxt">마트직송</span></div></div><div class="detailInfo"><a href="https://mfront.homeplus.co.kr/item?itemNo=123314790&amp;storeType=HYPER" class="productTitle"><p class="css-xktqki">오리온 스윙칩 볶음고추장 124G</p></a><div class="priceWrap"><div class="price"><strong class="priceValue">2,720</strong><span class="priceWon">원</span> </div></div><div class="priceQty">10G당 <span> 219.4</span>원</div><div class="prodScoreWrap"><span class="score" title="평점">4.8</span><span class="reviewCnt" title="리뷰 갯수">/1,430</span><span class="saleCount">682</span></div></div></div></div>  <div class="unitItem typeA    css-bimbqe" data-doc-id="H070638118N37O0"><div class="thumbWrap "><div class="thumb"><button type="button" class="btnThumb"><div class="thumbImg"><span class=" lazy-load-image-background " style="display: block; width: 100%; height: 100%; background:  0% 0% / 50% rgb(238, 238, 238);"><span class="" style="display: inline-block;"></span></span></div></button><div class="btnProdCart css-213czk"><button type="button" class="shadow"><span class="css-o9vq2t">장바구니담기</span></button></div></div></div><div class="detailInfoWrap "><div class="simpleInfo"><div class="flagWrap "><span class="flag rTxt">마트직송</span></div></div><div class="detailInfo"><a href="https://mfront.homeplus.co.kr/item?itemNo=070638118&amp;storeType=HYPER" class="productTitle"><p class="css-xktqki">오리온 오감자 찍먹 양념바베큐 136G</p></a><div class="priceWrap"><div class="price"><strong class="priceValue">2,390</strong><span class="priceWon">원</span> </div></div><div class="priceQty">10G당 <span> 175.7</span>원</div><div class="prodScoreWrap"><span class="score" title="평점">4.9</span><span class="reviewCnt" title="리뷰 갯수">/87</span><span class="saleCount">780</span></div></div></div></div>  <div class="unitItem typeA    css-bimbqe" data-doc-id="H138597033N37O0"><div class="thumbWrap "><div class="thumb"><button type="button" class="btnThumb"><div class="thumbImg"><span class=" lazy-load-image-background " style="display: block; width: 100%; height: 100%; background:  0% 0% / 50% rgb(238, 238, 238);"><span class="" style="display: inline-block;"></span></span></div></button><div class="btnProdCart css-213czk"><button type="button" class="shadow"><span class="css-o9vq2t">장바구니담기</span></button></div></div></div><div class="detailInfoWrap "><div class="simpleInfo"><div class="flagWrap "><span class="flag rTxt">마트직송</span></div></div><div class="detailInfo"><a href="https://mfront.homeplus.co.kr/item?itemNo=138597033&amp;storeType=HYPER" class="productTitle"><p class="css-xktqki">해태 허니버터칩 프로마쥬블랑 120G</p></a><div class="priceWrap"><div class="price"><strong class="priceValue">2,720</strong><span class="priceWon">원</span> </div></div><div class="priceQty">10G당 <span> 226.7</span>원</div><div class="prodScoreWrap"><span class="score" title="평점">4.8</span><span class="reviewCnt" title="리뷰 갯수">/1,257</span><span class="saleCount">213</span></div></div></div></div>  <div class="unitItem typeA    css-bimbqe" data-doc-id="H111687212N37O0"><div class="thumbWrap "><div class="thumb"><button type="button" class="btnThumb"><div class="thumbImg"><span class=" lazy-load-image-background " style="display: block; width: 100%; height: 100%; background:  0% 0% / 50% rgb(238, 238, 238);"><span class="" style="display: inline-block;"></span></span></div></button><div class="btnProdCart css-213czk"><button type="button" class="shadow"><span class="css-o9vq2t">장바구니담기</span></button></div></div></div><div class="detailInfoWrap "><div class="simpleInfo"><div class="flagWrap "><span class="flag rTxt">마트직송</span></div></div><div class="detailInfo"><a href="https://mfront.homeplus.co.kr/item?itemNo=111687212&amp;storeType=HYPER" class="productTitle"><p class="css-xktqki">오리온 오감자그라탕 50G</p></a><div class="priceWrap"><div class="price"><strong class="priceValue">1,290</strong><span class="priceWon">원</span> </div></div><div class="priceQty">10G당 <span> 258</span>원</div><div class="prodScoreWrap"><span class="score" title="평점">4.9</span><span class="reviewCnt" title="리뷰 갯수">/24,563</span><span class="saleCount">720</span></div></div></div></div>  <div class="unitItem typeA    css-bimbqe" data-doc-id="H069090852N37O0"><div class="thumbWrap "><div class="thumb"><button type="button" class="btnThumb"><div class="thumbImg"><span class=" lazy-load-image-background " style="display: block; width: 100%; height: 100%; background:  0% 0% / 50% rgb(238, 238, 238);"><span class="" style="display: inline-block;"></span></span></div></button><div class="btnProdCart css-213czk"><button type="button" class="shadow"><span class="css-o9vq2t">장바구니담기</span></button></div></div></div><div class="detailInfoWrap "><div class="simpleInfo"><div class="flagWrap "><span class="flag rTxt">마트직송</span></div></div><div class="detailInfo"><a href="https://mfront.homeplus.co.kr/item?itemNo=069090852&amp;storeType=HYPER" class="productTitle"><p class="css-xktqki">해태 허니버터칩 4번들 40G*4</p></a><div class="priceWrap"><div class="price"><strong class="priceValue">4,790</strong><span class="priceWon">원</span> </div></div><div class="priceQty">10G당 <span> 299.4</span>원</div><div class="prodScoreWrap"><span class="score" title="평점">4.8</span><span class="reviewCnt" title="리뷰 갯수">/949</span><span class="saleCount">819</span></div></div></div></div>  <div class="unitItem typeA    css-bimbqe" data-doc-id="H121358372N37O0"><div class="thumbWrap "><div class="thumb"><button type="button" class="btnThumb"><div class="thumbImg"><span class=" lazy-load-image-background " style="display: block; width: 100%; height: 100%; background:  0% 0% / 50% rgb(238, 238, 238);"><span class="" style="display: inline-block;"></span></span></div></button><div class="btnProdCart css-213czk"><button type="button" class="shadow"><span class="css-o9vq2t">장바구니담기</span></button></div></div></div><div class="detailInfoWrap "><div class="simpleInfo"><div class="flagWrap "><span class="flag rTxt">마트직송</span></div></div><div class="detailInfo"><a href="https://mfront.homeplus.co.kr/item?itemNo=121358372&amp;storeType=HYPER" class="productTitle"><p class="css-xktqki">농심 수미칩 오리지널 55G</p></a><div class="priceWrap"><div class="price"><strong class="priceValue">1,490</strong><span class="priceWon">원</span> </div></div><div class="priceQty">10G당 <span> 270.9</span>원</div><div class="prodScoreWrap"><span class="score" title="평점">4.8</span><span class="reviewCnt" title="리뷰 갯수">/9,038</span><span class="saleCount">1,493</span></div></div></div></div>  <div class="unitItem typeA    css-bimbqe" data-doc-id="H070600693N37O0"><div class="thumbWrap "><div class="thumb"><button type="button" class="btnThumb"><div class="thumbImg"><span class=" lazy-load-image-background " style="display: block; width: 100%; height: 100%; background:  0% 0% / 50% rgb(238, 238, 238);"><span class="" style="display: inline-block;"></span></span></div></button><div class="btnProdCart css-213czk"><button type="button" class="shadow"><span class="css-o9vq2t">장바구니담기</span></button></div></div></div><div class="detailInfoWrap "><div class="simpleInfo"><div class="flagWrap "><span class="flag rTxt">마트직송</span></div></div><div class="detailInfo"><a href="https://mfront.homeplus.co.kr/item?itemNo=070600693&amp;storeType=HYPER" class="productTitle"><p class="css-xktqki">농심 포테토칩 고추장마요맛 105G</p></a><div class="priceWrap"><div class="price"><strong class="priceValue">2,530</strong><span class="priceWon">원</span> </div></div><div class="priceQty">10G당 <span> 241</span>원</div><div class="prodScoreWrap"><span class="score" title="평점">4.7</span><span class="reviewCnt" title="리뷰 갯수">/147</span><span class="saleCount">774</span></div></div></div></div>  <div class="unitItem typeA    css-bimbqe" data-doc-id="H112436917N37O0"><div class="thumbWrap "><div class="thumb"><button type="button" class="btnThumb"><div class="thumbImg"><span class=" lazy-load-image-background " style="display: block; width: 100%; height: 100%; background:  0% 0% / 50% rgb(238, 238, 238);"><span class="" style="display: inline-block;"></span></span></div></button><div class="btnProdCart css-213czk"><button type="button" class="shadow"><span class="css-o9vq2t">장바구니담기</span></button></div></div></div><div class="detailInfoWrap "><div class="simpleInfo"><div class="flagWrap "><span class="flag rTxt">마트직송</span></div></div><div class="detailInfo"><a href="https://mfront.homeplus.co.kr/item?itemNo=112436917&amp;storeType=HYPER" class="productTitle"><p class="css-xktqki">프링글스 오리지날맛 110G</p></a><div class="priceWrap"><div class="price"><strong class="priceValue">3,330</strong><span class="priceWon">원</span> </div></div><div class="priceQty">10G당 <span> 302.7</span>원</div><div class="prodScoreWrap"><span class="score" title="평점">4.8</span><span class="reviewCnt" title="리뷰 갯수">/24,375</span><span class="saleCount">476</span></div></div></div></div>  <div class="unitItem typeA    css-bimbqe" data-doc-id="H070332934N37O0"><div class="thumbWrap "><div class="thumb"><button type="button" class="btnThumb"><div class="thumbImg"><span class=" lazy-load-image-background " style="display: block; width: 100%; height: 100%; background:  0% 0% / 50% rgb(238, 238, 238);"><span class="" style="display: inline-block;"></span></span></div></button><div class="btnProdCart css-213czk"><button type="button" class="shadow"><span class="css-o9vq2t">장바구니담기</span></button></div></div></div><div class="detailInfoWrap "><div class="simpleInfo"><div class="flagWrap "><span class="flag rTxt">마트직송</span></div></div><div class="detailInfo"><a href="https://mfront.homeplus.co.kr/item?itemNo=070332934&amp;storeType=HYPER" class="productTitle"><p class="css-xktqki">농심 포테토칩 먹태 청양마요맛 105G</p></a><div class="priceWrap"><div class="price"><strong class="priceValue">2,530</strong><span class="priceWon">원</span> </div></div><div class="priceQty">10G당 <span> 241</span>원</div><div class="prodScoreWrap"><span class="score" title="평점">4.7</span><span class="reviewCnt" title="리뷰 갯수">/1,738</span><span class="saleCount">1,257</span></div></div></div></div>  <div class="unitItem typeA    css-bimbqe" data-doc-id="H070600088N37O0"><div class="thumbWrap "><div class="thumb"><button type="button" class="btnThumb"><div class="thumbImg"><span class=" lazy-load-image-background " style="display: block; width: 100%; height: 100%; background:  0% 0% / 50% rgb(238, 238, 238);"><span class="" style="display: inline-block;"></span></span></div></button><div class="btnProdCart css-213czk"><button type="button" class="shadow"><span class="css-o9vq2t">장바구니담기</span></button></div></div></div><div class="detailInfoWrap "><div class="simpleInfo"><div class="flagWrap "><span class="flag rTxt">마트직송</span></div></div><div class="detailInfo"><a href="https://mfront.homeplus.co.kr/item?itemNo=070600088&amp;storeType=HYPER" class="productTitle"><p class="css-xktqki">오리온 스윙칩 양파크림치즈 124G</p></a><div class="priceWrap"><div class="price"><strong class="priceValue">2,720</strong><span class="priceWon">원</span> </div></div><div class="priceQty">10G당 <span> 219.4</span>원</div><div class="prodScoreWrap"><span class="score" title="평점">4.7</span><span class="reviewCnt" title="리뷰 갯수">/179</span><span class="saleCount">418</span></div></div></div></div>  <div class="unitItem typeA    css-bimbqe" data-doc-id="H070600036N37O0"><div class="thumbWrap "><div class="thumb"><button type="button" class="btnThumb"><div class="thumbImg"><span class=" lazy-load-image-background " style="display: block; width: 100%; height: 100%; background:  0% 0% / 50% rgb(238, 238, 238);"><span class="" style="display: inline-block;"></span></span></div></button><div class="btnProdCart css-213czk"><button type="button" class="shadow"><span class="css-o9vq2t">장바구니담기</span></button></div></div></div><div class="detailInfoWrap "><div class="simpleInfo"><div class="flagWrap "><span class="flag rTxt">마트직송</span></div></div><div class="detailInfo"><a href="https://mfront.homeplus.co.kr/item?itemNo=070600036&amp;storeType=HYPER" class="productTitle"><p class="css-xktqki">오리온 포카칩 스윗치즈 124G</p></a><div class="priceWrap"><div class="price"><strong class="priceValue">2,720</strong><span class="priceWon">원</span> </div></div><div class="priceQty">10G당 <span> 219.4</span>원</div><div class="prodScoreWrap"><span class="score" title="평점">4.8</span><span class="reviewCnt" title="리뷰 갯수">/210</span><span class="saleCount">606</span></div></div></div></div>  <div class="unitItem typeA    css-bimbqe" data-doc-id="H126102448N37O0"><div class="thumbWrap "><div class="thumb"><button type="button" class="btnThumb"><div class="thumbImg"><span class=" lazy-load-image-background " style="display: block; width: 100%; height: 100%; background:  0% 0% / 50% rgb(238, 238, 238);"><span class="" style="display: inline-block;"></span></span></div></button><div class="btnProdCart css-213czk"><button type="button" class="shadow"><span class="css-o9vq2t">장바구니담기</span></button></div></div></div><div class="detailInfoWrap "><div class="simpleInfo"><div class="flagWrap "><span class="flag rTxt">마트직송</span></div></div><div class="detailInfo"><a href="https://mfront.homeplus.co.kr/item?itemNo=126102448&amp;storeType=HYPER" class="productTitle"><p class="css-xktqki">프링글스 양파맛 53G</p></a><div class="priceWrap"><div class="price"><strong class="priceValue">1,670</strong><span class="priceWon">원</span> </div></div><div class="priceQty">10G당 <span> 315.1</span>원</div><div class="prodScoreWrap"><span class="score" title="평점">4.8</span><span class="reviewCnt" title="리뷰 갯수">/870</span><span class="saleCount">779</span></div></div></div></div>  <div class="unitItem typeA    css-bimbqe" data-doc-id="H126100554N37O0"><div class="thumbWrap "><div class="thumb"><button type="button" class="btnThumb"><div class="thumbImg"><span class=" lazy-load-image-background " style="display: block; width: 100%; height: 100%; background:  0% 0% / 50% rgb(238, 238, 238);"><span class="" style="display: inline-block;"></span></span></div></button><div class="btnProdCart css-213czk"><button type="button" class="shadow"><span class="css-o9vq2t">장바구니담기</span></button></div></div></div><div class="detailInfoWrap "><div class="simpleInfo"><div class="flagWrap "><span class="flag rTxt">마트직송</span></div></div><div class="detailInfo"><a href="https://mfront.homeplus.co.kr/item?itemNo=126100554&amp;storeType=HYPER" class="productTitle"><p class="css-xktqki">프링글스 오리지날 53G</p></a><div class="priceWrap"><div class="price"><strong class="priceValue">1,670</strong><span class="priceWon">원</span> </div></div><div class="priceQty">10G당 <span> 315.1</span>원</div><div class="prodScoreWrap"><span class="score" title="평점">4.9</span><span class="reviewCnt" title="리뷰 갯수">/790</span><span class="saleCount">759</span></div></div></div></div>  <div class="unitItem typeA    css-bimbqe" data-doc-id="H070282964N37O0"><div class="thumbWrap "><div class="thumb"><button type="button" class="btnThumb"><div class="thumbImg"><span class=" lazy-load-image-background " style="display: block; width: 100%; height: 100%; background:  0% 0% / 50% rgb(238, 238, 238);"><span class="" style="display: inline-block;"></span></span></div></button><div class="btnProdCart css-213czk"><button type="button" class="shadow"><span class="css-o9vq2t">장바구니담기</span></button></div></div></div><div class="detailInfoWrap "><div class="simpleInfo"><div class="flagWrap "><span class="flag rTxt">마트직송</span></div></div><div class="detailInfo"><a href="https://mfront.homeplus.co.kr/item?itemNo=070282964&amp;storeType=HYPER" class="productTitle"><p class="css-xktqki">농심 포테토칩 잭슨페퍼로니맛 50G</p></a><div class="priceWrap"><div class="price"><strong class="priceValue">1,360</strong><span class="priceWon">원</span> </div></div><div class="priceQty">10G당 <span> 272</span>원</div><div class="prodScoreWrap"><span class="score" title="평점">4.8</span><span class="reviewCnt" title="리뷰 갯수">/535</span><span class="saleCount">274</span></div></div></div></div>  <div class="unitItem typeA    css-bimbqe" data-doc-id="H069702003N37O0"><div class="thumbWrap "><div class="thumb"><button type="button" class="btnThumb"><div class="thumbImg"><span class=" lazy-load-image-background  lazy-load-image-loaded" style="display: block; width: 100%; height: 100%; background:  0% 0% / 50% rgb(238, 238, 238);"><img alt="해태 자가비 케첩맛 90G" src="../../../../../Downloads/homeplus_files/069702003s0320"></span></div></button><div class="btnProdCart css-213czk"><button type="button" class="shadow"><span class="css-o9vq2t">장바구니담기</span></button></div></div></div><div class="detailInfoWrap "><div class="simpleInfo"><div class="flagWrap "><span class="flag rTxt">마트직송</span><div class="flag event">행사상품</div></div></div><div class="detailInfo"><a href="https://mfront.homeplus.co.kr/item?itemNo=069702003&amp;storeType=HYPER" class="productTitle"><p class="css-xktqki">해태 자가비 케첩맛 90G</p></a><div class="priceWrap"><div class="price"><strong class="priceValue">3,190</strong><span class="priceWon">원</span> </div></div><div class="priceQty">10G당 <span> 354.4</span>원</div><div class="prodScoreWrap"><span class="score" title="평점">4.7</span><span class="reviewCnt" title="리뷰 갯수">/279</span><span class="saleCount">645</span></div></div></div></div>  <div class="unitItem typeA    css-bimbqe" data-doc-id="H070638130N37O0"><div class="thumbWrap "><div class="thumb"><button type="button" class="btnThumb"><div class="thumbImg"><span class=" lazy-load-image-background  lazy-load-image-loaded" style="display: block; width: 100%; height: 100%; background:  0% 0% / 50% rgb(238, 238, 238);"><img alt="오리온 오감자 그라탕 95G" src="../../../../../Downloads/homeplus_files/070638130s0320"></span></div></button><div class="btnProdCart css-213czk"><button type="button" class="shadow"><span class="css-o9vq2t">장바구니담기</span></button></div></div></div><div class="detailInfoWrap "><div class="simpleInfo"><div class="flagWrap "><span class="flag rTxt">마트직송</span></div></div><div class="detailInfo"><a href="https://mfront.homeplus.co.kr/item?itemNo=070638130&amp;storeType=HYPER" class="productTitle"><p class="css-xktqki">오리온 오감자 그라탕 95G</p></a><div class="priceWrap"><div class="price"><strong class="priceValue">1,990</strong><span class="priceWon">원</span> </div></div><div class="priceQty">10G당 <span> 209.5</span>원</div><div class="prodScoreWrap"><span class="score" title="평점">4.8</span><span class="reviewCnt" title="리뷰 갯수">/181</span><span class="saleCount">298</span></div></div></div></div>  <div class="unitItem typeA    css-bimbqe" data-doc-id="H070374965N37O0"><div class="thumbWrap "><div class="thumb"><button type="button" class="btnThumb"><div class="thumbImg"><span class=" lazy-load-image-background  lazy-load-image-loaded" style="display: block; width: 100%; height: 100%; background:  0% 0% / 50% rgb(238, 238, 238);"><img alt="써니데일 크링클컷 1KG" src="../../../../../Downloads/homeplus_files/070374965s0320"></span></div></button><div class="btnProdCart css-213czk"><button type="button" class="shadow"><span class="css-o9vq2t">장바구니담기</span></button></div></div></div><div class="detailInfoWrap "><div class="simpleInfo"><div class="flagWrap "><span class="flag rTxt">마트직송</span></div></div><div class="detailInfo"><a href="https://mfront.homeplus.co.kr/item?itemNo=070374965&amp;storeType=HYPER" class="productTitle"><p class="css-xktqki">써니데일 크링클컷 1KG</p></a><div class="priceWrap"><div class="price"><strong class="priceValue">6,990</strong><span class="priceWon">원</span> </div></div><div class="priceQty">100G당 <span> 699</span>원</div><div class="prodScoreWrap"><span class="score" title="평점">4.7</span><span class="reviewCnt" title="리뷰 갯수">/50</span><span class="saleCount">415</span></div></div></div></div>  <div class="unitItem typeA    css-bimbqe" data-doc-id="H070620945N37O0"><div class="thumbWrap "><div class="thumb"><button type="button" class="btnThumb"><div class="thumbImg"><span class=" lazy-load-image-background  lazy-load-image-loaded" style="display: block; width: 100%; height: 100%; background:  0% 0% / 50% rgb(238, 238, 238);"><img alt="오리온 오감자 어니언 95G" src="../../../../../Downloads/homeplus_files/070620945s0320"></span></div></button><div class="btnProdCart css-213czk"><button type="button" class="shadow"><span class="css-o9vq2t">장바구니담기</span></button></div></div></div><div class="detailInfoWrap "><div class="simpleInfo"><div class="flagWrap "><span class="flag rTxt">마트직송</span></div></div><div class="detailInfo"><a href="https://mfront.homeplus.co.kr/item?itemNo=070620945&amp;storeType=HYPER" class="productTitle"><p class="css-xktqki">오리온 오감자 어니언 95G</p></a><div class="priceWrap"><div class="price"><strong class="priceValue">1,990</strong><span class="priceWon">원</span> </div></div><div class="priceQty">10G당 <span> 209.5</span>원</div><div class="prodScoreWrap"><span class="score" title="평점">4.7</span><span class="reviewCnt" title="리뷰 갯수">/90</span><span class="saleCount">192</span></div></div></div></div>  <div class="unitItem typeA    css-bimbqe" data-doc-id="H070457608N37O0"><div class="thumbWrap "><div class="thumb"><button type="button" class="btnThumb"><div class="thumbImg"><span class=" lazy-load-image-background  lazy-load-image-loaded" style="display: block; width: 100%; height: 100%; background:  0% 0% / 50% rgb(238, 238, 238);"><img alt="농심 포테토칩 먹태 청양마요맛 50G" src="../../../../../Downloads/homeplus_files/070457608s0320"></span></div></button><div class="btnProdCart css-213czk"><button type="button" class="shadow"><span class="css-o9vq2t">장바구니담기</span></button></div></div></div><div class="detailInfoWrap "><div class="simpleInfo"><div class="flagWrap "><span class="flag rTxt">마트직송</span></div></div><div class="detailInfo"><a href="https://mfront.homeplus.co.kr/item?itemNo=070457608&amp;storeType=HYPER" class="productTitle"><p class="css-xktqki">농심 포테토칩 먹태 청양마요맛 50G</p></a><div class="priceWrap"><div class="price"><strong class="priceValue">1,360</strong><span class="priceWon">원</span> </div></div><div class="priceQty">10G당 <span> 272</span>원</div><div class="prodScoreWrap"><span class="score" title="평점">4.8</span><span class="reviewCnt" title="리뷰 갯수">/721</span><span class="saleCount">86</span></div></div></div></div>  <div class="unitItem typeA    css-bimbqe" data-doc-id="H112437178N37O0"><div class="thumbWrap "><div class="thumb"><button type="button" class="btnThumb"><div class="thumbImg"><span class=" lazy-load-image-background  lazy-load-image-loaded" style="display: block; width: 100%; height: 100%; background:  0% 0% / 50% rgb(238, 238, 238);"><img alt="프링글스 매운맛 110G" src="../../../../../Downloads/homeplus_files/112437178s0320"></span></div></button><div class="btnProdCart css-213czk"><button type="button" class="shadow"><span class="css-o9vq2t">장바구니담기</span></button></div></div></div><div class="detailInfoWrap "><div class="simpleInfo"><div class="flagWrap "><span class="flag rTxt">마트직송</span></div></div><div class="detailInfo"><a href="https://mfront.homeplus.co.kr/item?itemNo=112437178&amp;storeType=HYPER" class="productTitle"><p class="css-xktqki">프링글스 매운맛 110G</p></a><div class="priceWrap"><div class="price"><strong class="priceValue">3,330</strong><span class="priceWon">원</span> </div></div><div class="priceQty">10G당 <span> 302.7</span>원</div><div class="prodScoreWrap"><span class="score" title="평점">4.8</span><span class="reviewCnt" title="리뷰 갯수">/6,074</span><span class="saleCount">335</span></div></div></div></div>  <div class="unitItem typeA    css-bimbqe" data-doc-id="H112436941N37O0"><div class="thumbWrap "><div class="thumb"><button type="button" class="btnThumb"><div class="thumbImg"><span class=" lazy-load-image-background  lazy-load-image-loaded" style="display: block; width: 100%; height: 100%; background:  0% 0% / 50% rgb(238, 238, 238);"><img alt="프링글스 치즈맛 110G" src="../../../../../Downloads/homeplus_files/112436941s0320"></span></div></button><div class="btnProdCart css-213czk"><button type="button" class="shadow"><span class="css-o9vq2t">장바구니담기</span></button></div></div></div><div class="detailInfoWrap "><div class="simpleInfo"><div class="flagWrap "><span class="flag rTxt">마트직송</span></div></div><div class="detailInfo"><a href="https://mfront.homeplus.co.kr/item?itemNo=112436941&amp;storeType=HYPER" class="productTitle"><p class="css-xktqki">프링글스 치즈맛 110G</p></a><div class="priceWrap"><div class="price"><strong class="priceValue">3,330</strong><span class="priceWon">원</span> </div></div><div class="priceQty">10G당 <span> 302.7</span>원</div><div class="prodScoreWrap"><span class="score" title="평점">4.8</span><span class="reviewCnt" title="리뷰 갯수">/7,637</span><span class="saleCount">158</span></div></div></div></div>  <div class="unitItem typeA    css-bimbqe" data-doc-id="H070497399N37O0"><div class="thumbWrap "><div class="thumb"><button type="button" class="btnThumb"><div class="thumbImg"><span class=" lazy-load-image-background  lazy-load-image-loaded" style="display: block; width: 100%; height: 100%; background:  0% 0% / 50% rgb(238, 238, 238);"><img alt="농심 고메 포테토 블랙페퍼크랩맛 75G" src="../../../../../Downloads/homeplus_files/070497399s0320"></span></div></button><div class="btnProdCart css-213czk"><button type="button" class="shadow"><span class="css-o9vq2t">장바구니담기</span></button></div></div></div><div class="detailInfoWrap "><div class="simpleInfo"><div class="flagWrap "><span class="flag rTxt">마트직송</span></div></div><div class="detailInfo"><a href="https://mfront.homeplus.co.kr/item?itemNo=070497399&amp;storeType=HYPER" class="productTitle"><p class="css-xktqki">농심 고메 포테토 블랙페퍼크랩맛 75G</p></a><div class="priceWrap"><div class="price"><strong class="priceValue">2,580</strong><span class="priceWon">원</span> </div></div><div class="priceQty">10G당 <span> 344</span>원</div><div class="prodScoreWrap"><span class="score" title="평점">4.6</span><span class="reviewCnt" title="리뷰 갯수">/208</span><span class="saleCount">75</span></div></div></div></div>  <div class="unitItem typeA    css-bimbqe" data-doc-id="H069800326N37O0"><div class="thumbWrap "><div class="thumb"><button type="button" class="btnThumb"><div class="thumbImg"><span class=" lazy-load-image-background  lazy-load-image-loaded" style="display: block; width: 100%; height: 100%; background:  0% 0% / 50% rgb(238, 238, 238);"><img alt="농심 포테토칩 잭슨페퍼로니맛 105G" src="../../../../../Downloads/homeplus_files/069800326s0320"></span></div></button><div class="btnProdCart css-213czk"><button type="button" class="shadow"><span class="css-o9vq2t">장바구니담기</span></button></div></div></div><div class="detailInfoWrap "><div class="simpleInfo"><div class="flagWrap "><span class="flag rTxt">마트직송</span></div></div><div class="detailInfo"><a href="https://mfront.homeplus.co.kr/item?itemNo=069800326&amp;storeType=HYPER" class="productTitle"><p class="css-xktqki">농심 포테토칩 잭슨페퍼로니맛 105G</p></a><div class="priceWrap"><div class="price"><strong class="priceValue">2,580</strong><span class="priceWon">원</span> </div></div><div class="priceQty">10G당 <span> 245.7</span>원</div><div class="prodScoreWrap"><span class="score" title="평점">4.8</span><span class="reviewCnt" title="리뷰 갯수">/1,021</span><span class="saleCount">93</span></div></div></div></div>  <div class="unitItem typeA    css-bimbqe" data-doc-id="H069702061N37O0"><div class="thumbWrap "><div class="thumb"><button type="button" class="btnThumb"><div class="thumbImg"><span class=" lazy-load-image-background  lazy-load-image-loaded" style="display: block; width: 100%; height: 100%; background:  0% 0% / 50% rgb(238, 238, 238);"><img alt="프링글스 스모키바비큐 피자맛 102G" src="../../../../../Downloads/homeplus_files/069702061s0320"></span></div></button><div class="btnProdCart css-213czk"><button type="button" class="shadow"><span class="css-o9vq2t">장바구니담기</span></button></div></div></div><div class="detailInfoWrap "><div class="simpleInfo"><div class="flagWrap "><span class="flag rTxt">마트직송</span></div></div><div class="detailInfo"><a href="https://mfront.homeplus.co.kr/item?itemNo=069702061&amp;storeType=HYPER" class="productTitle"><p class="css-xktqki">프링글스 스모키바비큐 피자맛 102G</p></a><div class="priceWrap"><div class="price"><strong class="priceValue">3,330</strong><span class="priceWon">원</span> </div></div><div class="priceQty">10G당 <span> 326.5</span>원</div><div class="prodScoreWrap"><span class="score" title="평점">4.8</span><span class="reviewCnt" title="리뷰 갯수">/1,503</span><span class="saleCount">102</span></div></div></div></div>  <div class="unitItem typeA    css-bimbqe" data-doc-id="H129741769N37O0"><div class="thumbWrap "><div class="thumb"><button type="button" class="btnThumb"><div class="thumbImg"><span class=" lazy-load-image-background  lazy-load-image-loaded" style="display: block; width: 100%; height: 100%; background:  0% 0% / 50% rgb(238, 238, 238);"><img alt="프링글스 매운맛 미니캔 53G" src="../../../../../Downloads/homeplus_files/129741769s0320"></span></div></button><div class="btnProdCart css-213czk"><button type="button" class="shadow"><span class="css-o9vq2t">장바구니담기</span></button></div></div></div><div class="detailInfoWrap "><div class="simpleInfo"><div class="flagWrap "><span class="flag rTxt">마트직송</span></div></div><div class="detailInfo"><a href="https://mfront.homeplus.co.kr/item?itemNo=129741769&amp;storeType=HYPER" class="productTitle"><p class="css-xktqki">프링글스 매운맛 미니캔 53G</p></a><div class="priceWrap"><div class="price"><strong class="priceValue">1,670</strong><span class="priceWon">원</span> </div></div><div class="priceQty">10G당 <span> 315.1</span>원</div><div class="prodScoreWrap"><span class="score" title="평점">4.8</span><span class="reviewCnt" title="리뷰 갯수">/119</span><span class="saleCount">166</span></div></div></div></div>  <div class="unitItem typeA    css-bimbqe" data-doc-id="H070616513N37O0"><div class="thumbWrap "><div class="thumb"><button type="button" class="btnThumb"><div class="thumbImg"><span class=" lazy-load-image-background  lazy-load-image-loaded" style="display: block; width: 100%; height: 100%; background:  0% 0% / 50% rgb(238, 238, 238);"><img alt="농심 포테토칩 먹태청양마요맛 3번들 50G*3입" src="../../../../../Downloads/homeplus_files/070616513s0320"></span></div></button><div class="btnProdCart css-213czk"><button type="button" class="shadow"><span class="css-o9vq2t">장바구니담기</span></button></div></div></div><div class="detailInfoWrap "><div class="simpleInfo"><div class="flagWrap "><span class="flag rTxt">마트직송</span></div></div><div class="detailInfo"><a href="https://mfront.homeplus.co.kr/item?itemNo=070616513&amp;storeType=HYPER" class="productTitle"><p class="css-xktqki">농심 포테토칩 먹태청양마요맛 3번들 50G*3입</p></a><div class="priceWrap"><div class="price"><strong class="priceValue">3,700</strong><span class="priceWon">원</span> </div></div><div class="priceQty">10G당 <span> 246.7</span>원</div><div class="prodScoreWrap"><span class="score" title="평점">4.6</span><span class="reviewCnt" title="리뷰 갯수">/23</span><span class="saleCount">159</span></div></div></div></div>  <div class="unitItem typeA    css-bimbqe" data-doc-id="H069702078N37O0"><div class="thumbWrap "><div class="thumb"><button type="button" class="btnThumb"><div class="thumbImg"><span class=" lazy-load-image-background  lazy-load-image-loaded" style="display: block; width: 100%; height: 100%; background:  0% 0% / 50% rgb(238, 238, 238);"><img alt="프링글스 리치 치즈 갈릭맛 102G" src="../../../../../Downloads/homeplus_files/069702078s0320"></span></div></button><div class="btnProdCart css-213czk"><button type="button" class="shadow"><span class="css-o9vq2t">장바구니담기</span></button></div></div></div><div class="detailInfoWrap "><div class="simpleInfo"><div class="flagWrap "><span class="flag rTxt">마트직송</span></div></div><div class="detailInfo"><a href="https://mfront.homeplus.co.kr/item?itemNo=069702078&amp;storeType=HYPER" class="productTitle"><p class="css-xktqki">프링글스 리치 치즈 갈릭맛 102G</p></a><div class="priceWrap"><div class="price"><strong class="priceValue">3,330</strong><span class="priceWon">원</span> </div></div><div class="priceQty">10G당 <span> 326.5</span>원</div><div class="prodScoreWrap"><span class="score" title="평점">4.7</span><span class="reviewCnt" title="리뷰 갯수">/1,661</span><span class="saleCount">76</span></div></div></div></div>  <div class="unitItem typeA    css-bimbqe" data-doc-id="H069089181N37O0"><div class="thumbWrap "><div class="thumb"><button type="button" class="btnThumb"><div class="thumbImg"><span class=" lazy-load-image-background  lazy-load-image-loaded" style="display: block; width: 100%; height: 100%; background:  0% 0% / 50% rgb(238, 238, 238);"><img alt="프링글스 슈퍼핫갈릭새우맛 110G" src="../../../../../Downloads/homeplus_files/069089181s0320"></span></div></button><div class="btnProdCart css-213czk"><button type="button" class="shadow"><span class="css-o9vq2t">장바구니담기</span></button></div></div></div><div class="detailInfoWrap "><div class="simpleInfo"><div class="flagWrap "><span class="flag rTxt">마트직송</span></div></div><div class="detailInfo"><a href="https://mfront.homeplus.co.kr/item?itemNo=069089181&amp;storeType=HYPER" class="productTitle"><p class="css-xktqki">프링글스 슈퍼핫갈릭새우맛 110G</p></a><div class="priceWrap"><div class="price"><strong class="priceValue">3,330</strong><span class="priceWon">원</span> </div></div><div class="priceQty">10G당 <span> 302.7</span>원</div><div class="prodScoreWrap"><span class="score" title="평점">4.7</span><span class="reviewCnt" title="리뷰 갯수">/1,922</span><span class="saleCount">71</span></div></div></div></div>  <div class="unitItem typeA    css-bimbqe" data-doc-id="H070169840N37O0"><div class="thumbWrap "><div class="thumb"><button type="button" class="btnThumb"><div class="thumbImg"><span class=" lazy-load-image-background  lazy-load-image-loaded" style="display: block; width: 100%; height: 100%; background:  0% 0% / 50% rgb(238, 238, 238);"><img alt="레이즈 스택스 오리지날 105G" src="../../../../../Downloads/homeplus_files/070169840s0320"></span></div></button><div class="btnProdCart css-213czk"><button type="button" class="shadow"><span class="css-o9vq2t">장바구니담기</span></button></div></div></div><div class="detailInfoWrap "><div class="simpleInfo"><div class="flagWrap "><span class="flag rTxt">마트직송</span></div></div><div class="detailInfo"><a href="https://mfront.homeplus.co.kr/item?itemNo=070169840&amp;storeType=HYPER" class="productTitle"><p class="css-xktqki">레이즈 스택스 오리지날 105G</p></a><div class="priceWrap"><div class="price"><strong class="priceValue">3,330</strong><span class="priceWon">원</span> </div></div><div class="priceQty">10G당 <span> 317.1</span>원</div><div class="prodScoreWrap"><span class="score" title="평점">4.6</span><span class="reviewCnt" title="리뷰 갯수">/172</span><span class="saleCount">28</span></div></div></div></div>  <div class="unitItem typeA    css-bimbqe" data-doc-id="H069256951N37O0"><div class="thumbWrap "><div class="thumb"><button type="button" class="btnThumb"><div class="thumbImg"><span class=" lazy-load-image-background  lazy-load-image-loaded" style="display: block; width: 100%; height: 100%; background:  0% 0% / 50% rgb(238, 238, 238);"><img alt="농심 고메 포테토 트러플 머스터드맛 68G" src="../../../../../Downloads/homeplus_files/069256951s0320"></span></div></button><div class="btnProdCart css-213czk"><button type="button" class="shadow"><span class="css-o9vq2t">장바구니담기</span></button></div></div></div><div class="detailInfoWrap "><div class="simpleInfo"><div class="flagWrap "><span class="flag rTxt">마트직송</span></div></div><div class="detailInfo"><a href="https://mfront.homeplus.co.kr/item?itemNo=069256951&amp;storeType=HYPER" class="productTitle"><p class="css-xktqki">농심 고메 포테토 트러플 머스터드맛 68G</p></a><div class="priceWrap"><div class="price"><strong class="priceValue">2,580</strong><span class="priceWon">원</span> </div></div><div class="priceQty">10G당 <span> 379.4</span>원</div><div class="prodScoreWrap"><span class="score" title="평점">4.7</span><span class="reviewCnt" title="리뷰 갯수">/511</span><span class="saleCount">89</span></div></div></div></div>  <div class="unitItem typeA    css-bimbqe" data-doc-id="H070447954N37O0"><div class="thumbWrap "><div class="thumb"><button type="button" class="btnThumb"><div class="thumbImg"><span class=" lazy-load-image-background  lazy-load-image-loaded" style="display: block; width: 100%; height: 100%; background:  0% 0% / 50% rgb(238, 238, 238);"><img alt="프링글스 남미식 찹스테이크맛 100G" src="../../../../../Downloads/homeplus_files/070447954s0320"></span></div></button><div class="btnProdCart css-213czk"><button type="button" class="shadow"><span class="css-o9vq2t">장바구니담기</span></button></div></div></div><div class="detailInfoWrap "><div class="simpleInfo"><div class="flagWrap "><span class="flag rTxt">마트직송</span></div></div><div class="detailInfo"><a href="https://mfront.homeplus.co.kr/item?itemNo=070447954&amp;storeType=HYPER" class="productTitle"><p class="css-xktqki">프링글스 남미식 찹스테이크맛 100G</p></a><div class="priceWrap"><div class="price"><strong class="priceValue">3,330</strong><span class="priceWon">원</span> </div></div><div class="priceQty">10G당 <span> 333</span>원</div><div class="prodScoreWrap"><span class="score" title="평점">4.7</span><span class="reviewCnt" title="리뷰 갯수">/328</span><span class="saleCount">30</span></div></div></div></div>  <div class="unitItem typeA    css-bimbqe" data-doc-id="H070169811N37O0"><div class="thumbWrap "><div class="thumb"><button type="button" class="btnThumb"><div class="thumbImg"><span class=" lazy-load-image-background  lazy-load-image-loaded" style="display: block; width: 100%; height: 100%; background:  0% 0% / 50% rgb(238, 238, 238);"><img alt="레이즈 스택스 사워크림&amp;어니언 105G" src="../../../../../Downloads/homeplus_files/070169811s0320"></span></div></button><div class="btnProdCart css-213czk"><button type="button" class="shadow"><span class="css-o9vq2t">장바구니담기</span></button></div></div></div><div class="detailInfoWrap "><div class="simpleInfo"><div class="flagWrap "><span class="flag rTxt">마트직송</span></div></div><div class="detailInfo"><a href="https://mfront.homeplus.co.kr/item?itemNo=070169811&amp;storeType=HYPER" class="productTitle"><p class="css-xktqki">레이즈 스택스 사워크림&amp;어니언 105G</p></a><div class="priceWrap"><div class="price"><strong class="priceValue">3,330</strong><span class="priceWon">원</span> </div></div><div class="priceQty">10G당 <span> 317.1</span>원</div><div class="prodScoreWrap"><span class="score" title="평점">4.6</span><span class="reviewCnt" title="리뷰 갯수">/162</span><span class="saleCount">35</span></div></div></div></div>  <div class="unitItem typeA    css-bimbqe" data-doc-id="H066061892N37O0"><div class="thumbWrap "><div class="thumb"><button type="button" class="btnThumb"><div class="thumbImg"><span class=" lazy-load-image-background  lazy-load-image-loaded" style="display: block; width: 100%; height: 100%; background:  0% 0% / 50% rgb(238, 238, 238);"><img alt="오레아이다 미니 테이터톳츠 793G" src="../../../../../Downloads/homeplus_files/066061892s0320"></span></div></button><div class="btnProdCart css-213czk"><button type="button" class="shadow"><span class="css-o9vq2t">장바구니담기</span></button></div></div></div><div class="detailInfoWrap "><div class="simpleInfo"><div class="flagWrap "><span class="flag rTxt">마트직송</span></div></div><div class="detailInfo"><a href="https://mfront.homeplus.co.kr/item?itemNo=066061892&amp;storeType=HYPER" class="productTitle"><p class="css-xktqki">오레아이다 미니 테이터톳츠 793G</p></a><div class="priceWrap"><div class="price"><strong class="priceValue">8,990</strong><span class="priceWon">원</span> </div></div><div class="priceQty">100G당 <span> 1,133.7</span>원</div><div class="prodScoreWrap"><span class="score" title="평점">4.5</span><span class="reviewCnt" title="리뷰 갯수">/35</span></div></div></div></div>  <div class="unitItem typeA    css-bimbqe" data-doc-id="H066061886N37O0"><div class="thumbWrap "><div class="thumb"><button type="button" class="btnThumb"><div class="thumbImg"><span class=" lazy-load-image-background  lazy-load-image-loaded" style="display: block; width: 100%; height: 100%; background:  0% 0% / 50% rgb(238, 238, 238);"><img alt="오레아이다 골든 프랜치프라이 907G" src="../../../../../Downloads/homeplus_files/066061886s0320"></span></div></button><div class="btnProdCart css-213czk"><button type="button" class="shadow"><span class="css-o9vq2t">장바구니담기</span></button></div></div></div><div class="detailInfoWrap "><div class="simpleInfo"><div class="flagWrap "><span class="flag rTxt">마트직송</span></div></div><div class="detailInfo"><a href="https://mfront.homeplus.co.kr/item?itemNo=066061886&amp;storeType=HYPER" class="productTitle"><p class="css-xktqki">오레아이다 골든 프랜치프라이 907G</p></a><div class="priceWrap"><div class="price"><strong class="priceValue">8,990</strong><span class="priceWon">원</span> </div></div><div class="priceQty">100G당 <span> 991.2</span>원</div><div class="prodScoreWrap"><span class="score" title="평점">4.6</span><span class="reviewCnt" title="리뷰 갯수">/55</span></div></div></div></div>  <div class="unitItem typeA    css-bimbqe" data-doc-id="H066061876N37O0"><div class="thumbWrap "><div class="thumb"><button type="button" class="btnThumb"><div class="thumbImg"><span class=" lazy-load-image-background  lazy-load-image-loaded" style="display: block; width: 100%; height: 100%; background:  0% 0% / 50% rgb(238, 238, 238);"><img alt="오레아이다 엑스트라 크리스피 프라이 737G" src="../../../../../Downloads/homeplus_files/066061876s0320"></span></div></button><div class="btnProdCart css-213czk"><button type="button" class="shadow"><span class="css-o9vq2t">장바구니담기</span></button></div></div></div><div class="detailInfoWrap "><div class="simpleInfo"><div class="flagWrap "><span class="flag rTxt">마트직송</span></div></div><div class="detailInfo"><a href="https://mfront.homeplus.co.kr/item?itemNo=066061876&amp;storeType=HYPER" class="productTitle"><p class="css-xktqki">오레아이다 엑스트라 크리스피 프라이 737G</p></a><div class="priceWrap"><div class="price"><strong class="priceValue">8,990</strong><span class="priceWon">원</span> </div></div><div class="priceQty">100G당 <span> 1,219.8</span>원</div><div class="prodScoreWrap"><span class="score" title="평점">4.6</span><span class="reviewCnt" title="리뷰 갯수">/66</span><span class="saleCount">12</span></div></div></div></div>  <div class="unitItem typeA    css-bimbqe" data-doc-id="H069800336N37O0"><div class="thumbWrap soldout"><div class="thumb"><button type="button" class="btnThumb"><div class="thumbImg"><span class=" lazy-load-image-background  lazy-load-image-loaded" style="display: block; width: 100%; height: 100%; background:  0% 0% / 50% rgb(238, 238, 238);"><img alt="농심 포테토칩 오리지널 60G*3입" src="../../../../../Downloads/homeplus_files/069800336s0320"></span></div></button><div class="soldoutLayer "><p>일시품절</p><button type="button" class="btnSoldOut"><span>대체상품 보기</span></button></div></div></div><div class="detailInfoWrap "><div class="simpleInfo"><div class="flagWrap "><span class="flag rTxt">마트직송</span></div></div><div class="detailInfo"><a href="https://mfront.homeplus.co.kr/item?itemNo=069800336&amp;storeType=HYPER" class="productTitle"><p class="css-xktqki">농심 포테토칩 오리지널 60G*3입</p></a><div class="priceWrap"><div class="price"><strong class="priceValue">3,700</strong><span class="priceWon">원</span> </div></div><div class="priceQty">10G당 <span> 205.6</span>원</div><div class="prodScoreWrap"><span class="score" title="평점">4.8</span><span class="reviewCnt" title="리뷰 갯수">/1,033</span><span class="saleCount">1,658</span></div></div></div></div>  <div class="unitItem typeA    css-bimbqe" data-doc-id="H070217939N37O0"><div class="thumbWrap soldout"><div class="thumb"><button type="button" class="btnThumb"><div class="thumbImg"><span class=" lazy-load-image-background  lazy-load-image-loaded" style="display: block; width: 100%; height: 100%; background:  0% 0% / 50% rgb(238, 238, 238);"><img alt="오리온 오감자그라탕 지퍼백 202G" src="../../../../../Downloads/homeplus_files/070217939s0320"></span></div></button><div class="soldoutLayer "><p>일시품절</p><button type="button" class="btnSoldOut"><span>대체상품 보기</span></button></div></div></div><div class="detailInfoWrap "><div class="simpleInfo"><div class="flagWrap "><span class="flag rTxt">마트직송</span></div></div><div class="detailInfo"><a href="https://mfront.homeplus.co.kr/item?itemNo=070217939&amp;storeType=HYPER" class="productTitle"><p class="css-xktqki">오리온 오감자그라탕 지퍼백 202G</p></a><div class="priceWrap"><div class="price"><strong class="priceValue">4,190</strong><span class="priceWon">원</span> </div></div><div class="priceQty">10G당 <span> 207.4</span>원</div><div class="prodScoreWrap"><span class="score" title="평점">4.6</span><span class="reviewCnt" title="리뷰 갯수">/34</span><span class="saleCount">85</span></div></div></div></div>  <div class="unitItem typeA    css-bimbqe" data-doc-id="H053107139N37O0"><div class="thumbWrap soldout"><div class="thumb"><button type="button" class="btnThumb"><div class="thumbImg"><span class=" lazy-load-image-background  lazy-load-image-loaded" style="display: block; width: 100%; height: 100%; background:  0% 0% / 50% rgb(238, 238, 238);"><img alt="인생 숯불 닭갈비 250G" src="../../../../../Downloads/homeplus_files/053107139s0320"></span></div></button><div class="soldoutLayer "><p>일시품절</p><button type="button" class="btnSoldOut"><span>대체상품 보기</span></button></div></div></div><div class="detailInfoWrap "><div class="simpleInfo"><div class="flagWrap "><span class="flag rTxt">마트직송</span></div></div><div class="detailInfo"><a href="https://mfront.homeplus.co.kr/item?itemNo=053107139&amp;storeType=HYPER" class="productTitle"><p class="css-xktqki">인생 숯불 닭갈비 250G</p></a><div class="priceWrap"><div class="price"><strong class="priceValue">6,990</strong><span class="priceWon">원</span> </div></div><div class="priceQty">100G당 <span> 2,796</span>원</div><div class="prodScoreWrap"><span class="score" title="평점">4.8</span><span class="reviewCnt" title="리뷰 갯수">/85</span><span class="saleCount">53</span></div></div></div></div>  </div></div></div></div></div></div><footer id="footer" class="css-1e3eloj"><div class="footerLink"><div class="footerInner"><div class="gridLeft"><a href="https://corporate.homeplus.co.kr/index.aspx" title="새창열림" class="" target="_blank">회사소개</a><a title="" class="" href="https://mfront.homeplus.co.kr/cs/pc/notice">공지사항</a><button type="button">이용약관</button><button type="button"><strong>개인정보처리방침</strong></button><button type="button">청소년 보호정책</button><button type="button">입점·제휴문의</button><a href="https://corporate.homeplus.co.kr/Customer/CertificationPolicy.aspx" title="새창열림" class="" target="_blank">고객의견함</a><a href="https://join.homeplus.co.kr/FrontsNew/Index/Index.aspx" title="새창열림" class="" target="_blank">인재채용</a></div><div class="gridRight"><a href="https://corporate.homeplus.co.kr/Store/HyperMarket.aspx" title="새창열림" class="btnStore" target="_blank">매장찾기</a><div class="familySite"><button type="button" class="btnFamily">Family Site</button><div class="familyBgLayer"></div><div class="familyBox"><a href="https://www.homeplus-giftcard.co.kr/GiftVoucher/intro/general.aspx" title="새창열림" class="" target="_blank">상품권몰</a><a href="https://mschool.homeplus.co.kr/" title="새창열림" class="" target="_blank">홈플러스 문화센터</a><a href="https://blog.naver.com/homple" title="새창열림" class="" target="_blank">공식블로그</a></div></div></div></div></div><div class="footerContent css-t0lbh8"><strong class="footerTitle">홈플러스 주식회사</strong><dl><dt>대표이사</dt><dd>: 조주연</dd><dt>주소</dt><dd>: 서울특별시 강서구 화곡로 398(등촌동)</dd><dt>사업자등록번호</dt><dd>: 220-81-60348</dd></dl><dl><dt>통신판매신고번호</dt><dd>: 2016-서울강서-0451호 <a href="http://www.ftc.go.kr/bizCommPop.do?wrkr_no=2208160348&amp;apv_perm_no=" title="" class="" target="_blank">사업자 정보확인</a></dd><dt>청소년 보호책임자</dt><dd>: 조혜영</dd></dl><p>사이트 내에는 홈플러스㈜에 입점한 개별판매자가 판매하는 상품이 포함되어 있습니다. <br> 해당 상품의 경우 홈플러스㈜는 통신판매중개자로서 판매 당사자가 아니며, 상품정보 및 거래 등에 대한 책임을 지지 않습니다.</p><p class="footerInsurance"><strong>소비자피해보상보험</strong><a href="https://mall.sgic.co.kr/csh/iutf/sh/shop/CSHINFO004VM0.mvc?tm=3&amp;q_sk=2&amp;q_sv=2208160348" title="" class="" target="_blank">서비스 가입사실 확인</a></p><p>고객님은 안전거래를 위해 현금 등으로 결제 시 저희 쇼핑몰에서 가입한 구매안전서비스 소비자 피해보상보험 서비스를 이용하실 수 있습니다.</p><p class="copyright">Copyright © <strong>Homeplus Co., LTD</strong>. All Rights Reserved.</p><dl class="footerCs"><div class="csTitle"><dt>고객센터</dt><dd><dfn class="hidden">연락처</dfn><span class="tel">1577-3355</span></dd><dd><dfn>업무시간 : </dfn><span>09시 ~ 22시(명절당일 휴무)</span></dd><dd><dfn>Email :</dfn><span><a class="email" href="mailto:onlinemart@homeplus.co.kr">onlinemart@homeplus.co.kr</a></span></dd></div><div class="csTitle"><dt>분쟁처리</dt><dd><dfn class="hidden">연락처</dfn><span class="tel">1577-3355</span></dd><dd><dfn>Email :</dfn><span><a class="email" href="mailto:onlinemart@homeplus.co.kr">onlinemart@homeplus.co.kr</a></span></dd><dd><button class="csProcedure" type="button">분쟁처리 절차</button></dd></div><button class="csTitle cursor">불법상품 신고하기</button></dl></div><div class="footerSite"><ul><li class="siteLogo1"><span class="css-o9vq2t">유세이프</span></li><li class="siteLogo2"><span class="css-o9vq2t">SGI 서울보증</span></li><li class="siteLogo3"><a href="http://www.safetykorea.kr/" title="새창열림" class="" target="_blank"><span class="css-o9vq2t">제품안전정보센터</span></a></li><li class="siteLogo4"><span class="css-o9vq2t">한국전자인증</span></li><li class="siteLogo5"><span class="css-o9vq2t">KOLSA 한국온라인쇼핑협회</span></li></ul></div></footer><div class="quickButtons css-1dowwmo"><button class="AppPageTopBtn css-6c3cpm" style="top: -55px;"><span class="css-o9vq2t">상단으로 이동</span></button></div><form action="https://sso.homeplus.co.kr/refit/login" method="post"><input type="hidden" name="procSystem" value="APP01"><input type="hidden" name="returnURL" value="https://mfront.homeplus.co.kr/ssoLoginCallback?rtnUrl=%2Fsearch%2FtdSearchFinder%3FdisplayType%3DtypeA%26entry%3Ddirect%26keyword%3D%25EA%25B0%2590%25EC%259E%2590"><input type="hidden" name="device" value="mGHS"></form></div></div><div id="modal-container"></div><div id="toast-container"></div><noscript><img src="/static/images/logos/default_logo.svg" alt="홈플러스"><p>당일배송, 신선한 식품, 그리고 특별한 할인 혜택까지. 온라인으로 마트 장보기를 간편하게, 홈플러스와 함께하세요.</p><div data-nosnippet><p>홈플러스를 원활히 이용하시려면 자바스크립트를 활성화해야 합니다. 브라우저 설정에서 자바스크립트를 활성화해 주세요.</p><img height="1" width="1" style="display:none" src="https://www.facebook.com/tr?id=289174725787023&amp;ev=PageView&amp;noscript=1" alt="facebook-pixel-noscript"></div></noscript><script>!function(e){function c(c){for(var d,a,b=c[0],n=c[1],o=c[2],u=0,l=[];u<b.length;u++)a=b[u],Object.prototype.hasOwnProperty.call(t,a)&&t[a]&&l.push(t[a][0]),t[a]=0;for(d in n)Object.prototype.hasOwnProperty.call(n,d)&&(e[d]=n[d]);for(i&&i(c);l.length;)l.shift()();return r.push.apply(r,o||[]),f()}function f(){for(var e,c=0;c<r.length;c++){for(var f=r[c],d=!0,a=1;a<f.length;a++){var n=f[a];0!==t[n]&&(d=!1)}d&&(r.splice(c--,1),e=b(b.s=f[0]))}return e}var d={},a={29:0},t={29:0},r=[];function b(c){if(d[c])return d[c].exports;var f=d[c]={i:c,l:!1,exports:{}};return e[c].call(f.exports,f,f.exports,b),f.l=!0,f.exports}b.e=function(e){var c=[];a[e]?c.push(a[e]):0!==a[e]&&{13:1,32:1}[e]&&c.push(a[e]=new Promise((function(c,f){for(var d="static/css/"+({}[e]||e)+"."+{0:"31d6cfe0",1:"31d6cfe0",2:"31d6cfe0",3:"31d6cfe0",4:"31d6cfe0",5:"31d6cfe0",6:"31d6cfe0",7:"31d6cfe0",8:"31d6cfe0",9:"31d6cfe0",10:"31d6cfe0",11:"31d6cfe0",12:"31d6cfe0",13:"4ab1bc20",14:"31d6cfe0",15:"31d6cfe0",16:"31d6cfe0",17:"31d6cfe0",18:"31d6cfe0",19:"31d6cfe0",20:"31d6cfe0",21:"31d6cfe0",22:"31d6cfe0",23:"31d6cfe0",24:"31d6cfe0",25:"31d6cfe0",26:"31d6cfe0",27:"31d6cfe0",31:"31d6cfe0",32:"4ab1bc20",33:"31d6cfe0",34:"31d6cfe0",35:"31d6cfe0",36:"31d6cfe0",37:"31d6cfe0",38:"31d6cfe0",39:"31d6cfe0",40:"31d6cfe0",41:"31d6cfe0",42:"31d6cfe0",43:"31d6cfe0",44:"31d6cfe0",45:"31d6cfe0",46:"31d6cfe0",47:"31d6cfe0",48:"31d6cfe0",49:"31d6cfe0",50:"31d6cfe0",51:"31d6cfe0",52:"31d6cfe0",53:"31d6cfe0",54:"31d6cfe0",55:"31d6cfe0",56:"31d6cfe0",57:"31d6cfe0",58:"31d6cfe0",59:"31d6cfe0",60:"31d6cfe0",61:"31d6cfe0",62:"31d6cfe0",63:"31d6cfe0",64:"31d6cfe0",65:"31d6cfe0",66:"31d6cfe0",67:"31d6cfe0",68:"31d6cfe0",69:"31d6cfe0",70:"31d6cfe0",71:"31d6cfe0",72:"31d6cfe0",73:"31d6cfe0",74:"31d6cfe0",75:"31d6cfe0",76:"31d6cfe0",77:"31d6cfe0",78:"31d6cfe0",79:"31d6cfe0",80:"31d6cfe0",81:"31d6cfe0",82:"31d6cfe0",83:"31d6cfe0",84:"31d6cfe0",85:"31d6cfe0",86:"31d6cfe0",87:"31d6cfe0",88:"31d6cfe0",89:"31d6cfe0",90:"31d6cfe0",91:"31d6cfe0",92:"31d6cfe0",93:"31d6cfe0",94:"31d6cfe0",95:"31d6cfe0",96:"31d6cfe0",97:"31d6cfe0",98:"31d6cfe0",99:"31d6cfe0",100:"31d6cfe0",101:"31d6cfe0",102:"31d6cfe0",103:"31d6cfe0",104:"31d6cfe0",105:"31d6cfe0",106:"31d6cfe0",107:"31d6cfe0",108:"31d6cfe0",109:"31d6cfe0",110:"31d6cfe0",111:"31d6cfe0",112:"31d6cfe0",113:"31d6cfe0",114:"31d6cfe0",115:"31d6cfe0",116:"31d6cfe0",117:"31d6cfe0",118:"31d6cfe0",119:"31d6cfe0",120:"31d6cfe0",121:"31d6cfe0",122:"31d6cfe0",123:"31d6cfe0",124:"31d6cfe0",125:"31d6cfe0",126:"31d6cfe0",127:"31d6cfe0",128:"31d6cfe0",129:"31d6cfe0",130:"31d6cfe0",131:"31d6cfe0",132:"31d6cfe0",133:"31d6cfe0",134:"31d6cfe0",135:"31d6cfe0",136:"31d6cfe0",137:"31d6cfe0",138:"31d6cfe0",139:"31d6cfe0",140:"31d6cfe0",141:"31d6cfe0",142:"31d6cfe0",143:"31d6cfe0",144:"31d6cfe0",145:"31d6cfe0",146:"31d6cfe0",147:"31d6cfe0",148:"31d6cfe0",149:"31d6cfe0",150:"31d6cfe0",151:"31d6cfe0",152:"31d6cfe0",153:"31d6cfe0",154:"31d6cfe0",155:"31d6cfe0",156:"31d6cfe0",157:"31d6cfe0",158:"31d6cfe0",159:"31d6cfe0",160:"31d6cfe0",161:"31d6cfe0",162:"31d6cfe0",163:"31d6cfe0",164:"31d6cfe0",165:"31d6cfe0",166:"31d6cfe0",167:"31d6cfe0",168:"31d6cfe0",169:"31d6cfe0",170:"31d6cfe0",171:"31d6cfe0",172:"31d6cfe0",173:"31d6cfe0",174:"31d6cfe0",175:"31d6cfe0",176:"31d6cfe0",177:"31d6cfe0",178:"31d6cfe0",179:"31d6cfe0",180:"31d6cfe0",181:"31d6cfe0",182:"31d6cfe0",183:"31d6cfe0",184:"31d6cfe0",185:"31d6cfe0",186:"31d6cfe0",187:"31d6cfe0",188:"31d6cfe0",189:"31d6cfe0",190:"31d6cfe0",191:"31d6cfe0",192:"31d6cfe0",193:"31d6cfe0",194:"31d6cfe0",195:"31d6cfe0",196:"31d6cfe0",197:"31d6cfe0",198:"31d6cfe0",199:"31d6cfe0",200:"31d6cfe0",201:"31d6cfe0",202:"31d6cfe0",203:"31d6cfe0",204:"31d6cfe0",205:"31d6cfe0",206:"31d6cfe0",207:"31d6cfe0",208:"31d6cfe0",209:"31d6cfe0",210:"31d6cfe0",211:"31d6cfe0",212:"31d6cfe0",213:"31d6cfe0",214:"31d6cfe0",215:"31d6cfe0",216:"31d6cfe0",217:"31d6cfe0",218:"31d6cfe0",219:"31d6cfe0",220:"31d6cfe0",221:"31d6cfe0",222:"31d6cfe0",223:"31d6cfe0",224:"31d6cfe0",225:"31d6cfe0",226:"31d6cfe0",227:"31d6cfe0",228:"31d6cfe0",229:"31d6cfe0",230:"31d6cfe0",231:"31d6cfe0",232:"31d6cfe0",233:"31d6cfe0",234:"31d6cfe0"}[e]+".chunk.css",t=b.p+d,r=document.getElementsByTagName("link"),n=0;n<r.length;n++){var o=(i=r[n]).getAttribute("data-href")||i.getAttribute("href");if("stylesheet"===i.rel&&(o===d||o===t))return c()}var u=document.getElementsByTagName("style");for(n=0;n<u.length;n++){var i;if((o=(i=u[n]).getAttribute("data-href"))===d||o===t)return c()}var l=document.createElement("link");l.rel="stylesheet",l.type="text/css",l.onload=c,l.onerror=function(c){var d=c&&c.target&&c.target.src||t,r=new Error("Loading CSS chunk "+e+" failed.\n("+d+")");r.code="CSS_CHUNK_LOAD_FAILED",r.request=d,delete a[e],l.parentNode.removeChild(l),f(r)},l.href=t,document.getElementsByTagName("head")[0].appendChild(l)})).then((function(){a[e]=0})));var f=t[e];if(0!==f)if(f)c.push(f[2]);else{var d=new Promise((function(c,d){f=t[e]=[c,d]}));c.push(f[2]=d);var r,n=document.createElement("script");n.charset="utf-8",n.timeout=120,b.nc&&n.setAttribute("nonce",b.nc),n.src=function(e){return b.p+"static/js/"+({}[e]||e)+"."+{0:"e76a5452",1:"75257e85",2:"2e4607e8",3:"d0e8148d",4:"64948c32",5:"e45ac8e4",6:"58894e3e",7:"da9271a7",8:"4b683b5f",9:"b335b452",10:"13f97f41",11:"13efd04d",12:"8360b16f",13:"b8cd0eb3",14:"e9f1926d",15:"c9bfe04a",16:"6d06c499",17:"ef6e14b5",18:"9d222755",19:"7fcae330",20:"b419a34e",21:"22aa3661",22:"5e65db7a",23:"2d227092",24:"3d9d6dc8",25:"44f3027e",26:"a1277863",27:"39efaf48",31:"701c6567",32:"c6c67992",33:"1973f958",34:"763998ea",35:"b5c2d66e",36:"97751c88",37:"852dfca7",38:"260b1b84",39:"9b3157a0",40:"676cafc3",41:"cebddbb7",42:"8f38494d",43:"ca5038a5",44:"f6f55cd6",45:"1009999f",46:"46c1e56e",47:"dfaa5cdc",48:"efc33408",49:"db703a64",50:"8db29e4d",51:"8cdc0a92",52:"e0bc4b02",53:"ff1cc11f",54:"c47fbd42",55:"6563498a",56:"40c0926a",57:"c8ea477e",58:"aeea9769",59:"7750d3ad",60:"2982ab21",61:"cf221a9e",62:"d8ef9ca1",63:"7ae269f3",64:"8d03e097",65:"7175ac86",66:"32ca4b67",67:"8d07049a",68:"58c63ec5",69:"27bd7e86",70:"5d6e9081",71:"0800bd6f",72:"e91e17ce",73:"c5796c81",74:"13531156",75:"0271d11b",76:"6f7f3eef",77:"1d7b8d7c",78:"803b8767",79:"9349ee68",80:"490dd693",81:"65853407",82:"63c0e8e3",83:"dda548a1",84:"3958a90a",85:"0415f3a2",86:"30a27548",87:"cd64b9aa",88:"8894da56",89:"5bf3629f",90:"b33d1790",91:"7c7cf87e",92:"a73882ac",93:"34eb7679",94:"61d42030",95:"2fcc6a08",96:"b329f66f",97:"d5926e09",98:"6f6bf6f2",99:"45fd3d5f",100:"6fe07ee1",101:"9befdb80",102:"c6634f68",103:"187eb88a",104:"c89afbe8",105:"856fc400",106:"66611bc2",107:"bf97efa3",108:"1ac8931c",109:"418bb5f5",110:"d908dc52",111:"2c296700",112:"7fb45841",113:"2ba51524",114:"e9f51e6c",115:"5ab7b7a4",116:"06f7066a",117:"2e72295c",118:"d0fdc227",119:"c7e64046",120:"db8f5039",121:"ec2c4df8",122:"fad310ca",123:"6edc9a0c",124:"bd5f6905",125:"68411fc6",126:"946f2747",127:"6e6249fb",128:"3021be53",129:"a1d641e2",130:"2d06c8e5",131:"4cfdb201",132:"76c92617",133:"712181b2",134:"c9cbfc00",135:"e1a2fd35",136:"7bc7665d",137:"6a3192d5",138:"9898f85d",139:"15aa3837",140:"bd7fefd8",141:"0e2db582",142:"959b871d",143:"c05fa0ba",144:"545521e2",145:"4fbed2fb",146:"beddd540",147:"541bd5e5",148:"69287140",149:"70bce0c5",150:"1aeb40e2",151:"449ca9b9",152:"c92dfcd2",153:"57944655",154:"bd523ec0",155:"d9e2fd78",156:"52e18a71",157:"0587c259",158:"926173f5",159:"b520ad7b",160:"d2fb40fd",161:"35158e9b",162:"a1b177e4",163:"8e643fc2",164:"f44d353a",165:"107226e7",166:"f535a4a4",167:"e80c2c38",168:"ddf6b3bb",169:"b56ecbd6",170:"f490aab9",171:"a9ec5ae1",172:"a55fbdb6",173:"46eed9de",174:"bb6af75c",175:"3aaf8b94",176:"27c8ddd1",177:"0b7329fa",178:"a8936dcb",179:"e031917c",180:"3838c96c",181:"0d57272e",182:"c6109018",183:"43bd70ed",184:"6677bf29",185:"86733eb5",186:"59c12308",187:"c2463a8a",188:"c259ff73",189:"3994ae54",190:"fad8aa71",191:"3f44550c",192:"cc370487",193:"e4fbc8c2",194:"e1424ae1",195:"5d833b42",196:"e040c1ca",197:"1ede35f6",198:"4ddab2c1",199:"e6072a92",200:"06e84c7c",201:"80f5206b",202:"4745c80b",203:"21947a5e",204:"648cf69a",205:"5fee521d",206:"7fc283b8",207:"5efc303c",208:"3a4b4791",209:"0f2c6883",210:"49dc8845",211:"adc13680",212:"ae33b3e4",213:"c4282e5a",214:"76d4907f",215:"11cf6d9b",216:"0cd6b6b0",217:"ebeb63e0",218:"931f2477",219:"bbef65f5",220:"492a350e",221:"eec7ef9e",222:"8b91dad2",223:"1b9460e3",224:"e81452fd",225:"787d1962",226:"2277d8ce",227:"d96ac75c",228:"feebdaad",229:"b71899c2",230:"e6432320",231:"103d30ee",232:"bdb27a5c",233:"85377a77",234:"56119b8c"}[e]+".chunk.js"}(e);var o=new Error;r=function(c){n.onerror=n.onload=null,clearTimeout(u);var f=t[e];if(0!==f){if(f){var d=c&&("load"===c.type?"missing":c.type),a=c&&c.target&&c.target.src;o.message="Loading chunk "+e+" failed.\n("+d+": "+a+")",o.name="ChunkLoadError",o.type=d,o.request=a,f[1](o)}t[e]=void 0}};var u=setTimeout((function(){r({type:"timeout",target:n})}),12e4);n.onerror=n.onload=r,document.head.appendChild(n)}return Promise.all(c)},b.m=e,b.c=d,b.d=function(e,c,f){b.o(e,c)||Object.defineProperty(e,c,{enumerable:!0,get:f})},b.r=function(e){"undefined"!=typeof Symbol&&Symbol.toStringTag&&Object.defineProperty(e,Symbol.toStringTag,{value:"Module"}),Object.defineProperty(e,"__esModule",{value:!0})},b.t=function(e,c){if(1&c&&(e=b(e)),8&c)return e;if(4&c&&"object"==typeof e&&e&&e.__esModule)return e;var f=Object.create(null);if(b.r(f),Object.defineProperty(f,"default",{enumerable:!0,value:e}),2&c&&"string"!=typeof e)for(var d in e)b.d(f,d,function(c){return e[c]}.bind(null,d));return f},b.n=function(e){var c=e&&e.__esModule?function(){return e.default}:function(){return e};return b.d(c,"a",c),c},b.o=function(e,c){return Object.prototype.hasOwnProperty.call(e,c)},b.p="/",b.oe=function(e){throw e};var n=this.webpackJsonpmhp=this.webpackJsonpmhp||[],o=n.push.bind(n);n.push=c,n=n.slice();for(var u=0;u<n.length;u++)c(n[u]);var i=o;f()}([])</script><script src="../../../../../Downloads/homeplus_files/30.0320b633.chunk.js"></script><script src="../../../../../Downloads/homeplus_files/main.f4e9bbab.chunk.js"></script><script id="teraAnalytics" src="../../../../../Downloads/homeplus_files/sa-w.js"></script><script src="../../../../../Downloads/homeplus_files/wcslog.js" id="naverAnalitics"></script></body></html>